<?xml version="1.0" encoding="UTF-8"?>
<!DOCTYPE html PUBLIC "-//W3C//DTD XHTML 1.0 Transitional//EN"
    "http://www.w3.org/TR/xhtml1/DTD/xhtml1-transitional.dtd">
<html xmlns="http://www.w3.org/1999/xhtml" xml:lang="en" lang="en">
 <head>
  <title>
</title>
<meta http-equiv="Content-Type" content="text/html;charset=utf-8" />
  <meta name='ocr-system' content='tesseract 3.04.00' />
  <meta name='ocr-capabilities' content='ocr_page ocr_carea ocr_par ocr_line ocrx_word'/>
</head>
<body>
  <div class='ocr_page' id='page_1' title='image "./reliquiaesacrae05routgoog_0216.png"; bbox 0 0 3900 5167; ppageno 0'>
   <div class='ocr_carea' id='block_1_1' title="bbox 512 449 1568 971">
    <p class='ocr_par' dir='ltr' id='par_1_1' title="bbox 512 449 1334 513">
     <span class='ocr_line' id='line_1_1' title="bbox 512 449 1334 513; baseline 0 0"><span class='ocrx_word' id='word_1_1' title='bbox 512 451 580 513; x_wconf 67' lang='lat'>204</span> <span class='ocrx_word' id='word_1_2' title='bbox 730 450 984 513; x_wconf 77' lang='lat' dir='ltr'>ARCHELAI</span> <span class='ocrx_word' id='word_1_3' title='bbox 1016 450 1079 513; x_wconf 88' lang='grc' dir='ltr'>ΕΤ</span> <span class='ocrx_word' id='word_1_4' title='bbox 1112 449 1334 513; x_wconf 83' lang='lat' dir='ltr'>MANETIS</span> 
     </span>
    </p>

    <p class='ocr_par' dir='ltr' id='par_1_2' title="bbox 513 619 1568 971">
     <span class='ocr_line' id='line_1_2' title="bbox 513 619 1568 727; baseline 0 -28"><span class='ocrx_word' id='word_1_5' title='bbox 513 655 581 717; x_wconf 76' lang='grc' dir='ltr'>ται,</span> <span class='ocrx_word' id='word_1_6' title='bbox 599 621 842 720; x_wconf 79' lang='grc' dir='ltr'>βλαπτόμενοι</span> <span class='ocrx_word' id='word_1_7' title='bbox 866 620 934 701; x_wconf 82' lang='grc' dir='ltr'>ὐπὸ</span> <span class='ocrx_word' id='word_1_8' title='bbox 953 630 1017 700; x_wconf 91' lang='grc' dir='ltr'>τοῦ</span> <span class='ocrx_word' id='word_1_9' title='bbox 1044 619 1173 727; x_wconf 82' lang='grc' dir='ltr'>φωτός·</span> <span class='ocrx_word' id='word_1_10' title='bbox 1203 623 1270 724; x_wconf 88' lang='grc' dir='ltr'>οὐχ</span> <span class='ocrx_word' id='word_1_11' title='bbox 1296 619 1352 699; x_wconf 82' lang='grc' dir='ltr'>ότι</span> <span class='ocrx_word' id='word_1_12' title='bbox 1379 631 1568 726; x_wconf 84' lang='grc' dir='ltr'>τυφλοιτι-</span> 
     </span>
     <span class='ocr_line' id='line_1_3' title="bbox 514 745 1565 847; baseline -0.003 -19"><span class='ocrx_word' id='word_1_13' title='bbox 514 748 575 833; x_wconf 85' lang='grc' dir='ltr'>κός</span> <span class='ocrx_word' id='word_1_14' title='bbox 592 751 692 828; x_wconf 79' lang='grc' dir='ltr'>ἐστιν</span> <span class='ocrx_word' id='word_1_15' title='bbox 716 750 735 826; x_wconf 85' lang='grc' dir='ltr'><strong>ὁ</strong></span> <span class='ocrx_word' id='word_1_16' title='bbox 761 750 871 847; x_wconf 84' lang='grc' dir='ltr'>ἥλως,</span> <span class='ocrx_word' id='word_1_17' title='bbox 891 750 974 827; x_wconf 84' lang='grc' dir='ltr'>ἀλλ’</span> <span class='ocrx_word' id='word_1_18' title='bbox 996 747 1049 826; x_wconf 81' lang='grc' dir='ltr'>ὅτι</span> <span class='ocrx_word' id='word_1_19' title='bbox 1074 749 1097 844; x_wconf 83' lang='grc' dir='ltr'><em>ἡ</em></span> <span class='ocrx_word' id='word_1_20' title='bbox 1123 746 1323 830; x_wconf 76' lang='grc' dir='ltr'>ὑπόστασις</span> <span class='ocrx_word' id='word_1_21' title='bbox 1351 753 1426 825; x_wconf 76' lang='grc' dir='ltr'>τῶν</span> <span class='ocrx_word' id='word_1_22' title='bbox 1445 745 1565 846; x_wconf 72' lang='grc' dir='ltr'>ὀμμέ-</span> 
     </span>
     <span class='ocr_line' id='line_1_4' title="bbox 513 875 1565 971; baseline 0.005 -18"><span class='ocrx_word' id='word_1_23' title='bbox 513 909 586 955; x_wconf 88' lang='grc' dir='ltr'>των</span> <span class='ocrx_word' id='word_1_24' title='bbox 604 878 646 955; x_wconf 89' lang='grc' dir='ltr'>οὐ</span> <span class='ocrx_word' id='word_1_25' title='bbox 663 876 801 971; x_wconf 75' lang='grc' dir='ltr'>βλέπει·</span> <span class='ocrx_word' id='word_1_26' title='bbox 833 878 924 955; x_wconf 77' lang='grc' dir='ltr'>οὕτω</span> <span class='ocrx_word' id='word_1_27' title='bbox 951 878 1009 955; x_wconf 84' lang='grc' dir='ltr'>καὶ</span> <span class='ocrx_word' id='word_1_28' title='bbox 1031 881 1065 954; x_wconf 86' lang='lat' dir='ltr'><strong>oi</strong></span> <span class='ocrx_word' id='word_1_29' title='bbox 1091 875 1238 955; x_wconf 82' lang='grc' dir='ltr'>ἄπιστοι</span> <span class='ocrx_word' id='word_1_30' title='bbox 1266 882 1459 959; x_wconf 74' lang='grc' dir='ltr'>νοσοῦντες</span> <span class='ocrx_word' id='word_1_31' title='bbox 1486 882 1565 958; x_wconf 85' lang='grc' dir='ltr'>ταῖς</span> 
     </span>
    </p>
   </div>
   <div class='ocr_carea' id='block_1_2' title="bbox 510 1000 1564 1868">
    <p class='ocr_par' dir='ltr' id='par_1_3' title="bbox 510 1000 1564 1868">
     <span class='ocr_line' id='line_1_5' title="bbox 514 1000 1564 1105; baseline 0 -24"><span class='ocrx_word' id='word_1_32' title='bbox 514 1005 681 1105; x_wconf 78' lang='grc' dir='ltr'>καρδίαις,</span> <span class='ocrx_word' id='word_1_33' title='bbox 700 1005 741 1081; x_wconf 90' lang='grc' dir='ltr'>οὐ</span> <span class='ocrx_word' id='word_1_34' title='bbox 759 1001 924 1081; x_wconf 81' lang='grc' dir='ltr'>δύνανται</span> <span class='ocrx_word' id='word_1_35' title='bbox 949 1004 1072 1081; x_wconf 82' lang='grc' dir='ltr'>ἐνιδεῖν</span> <span class='ocrx_word' id='word_1_36' title='bbox 1089 1010 1166 1085; x_wconf 83' lang='grc' dir='ltr'>ταῖς</span> <span class='ocrx_word' id='word_1_37' title='bbox 1189 1006 1253 1101; x_wconf 80' lang='grc' dir='ltr'>τῆς</span> <span class='ocrx_word' id='word_1_38' title='bbox 1278 1000 1446 1102; x_wconf 73' lang='grc' dir='ltr'>θεότητος</span> <span class='ocrx_word' id='word_1_39' title='bbox 1465 1005 1564 1081; x_wconf 80' lang='grc' dir='ltr'>ἀκτῖ-</span> 
     </span>
     <span class='ocr_line' id='line_1_6' title="bbox 510 1127 1563 1234; baseline -0.004 -24"><span class='ocrx_word' id='word_1_40' title='bbox 510 1165 586 1210; x_wconf 87' lang='grc' dir='ltr'>σιν.</span> <span class='ocrx_word' id='word_1_41' title='bbox 624 1134 682 1209; x_wconf 76' lang='grc' dir='ltr'>καὶ</span> <span class='ocrx_word' id='word_1_42' title='bbox 701 1132 764 1209; x_wconf 86' lang='grc' dir='ltr'>οὐκ</span> <span class='ocrx_word' id='word_1_43' title='bbox 782 1127 889 1209; x_wconf 84' lang='grc' dir='ltr'>εἶπεν·</span> <span class='ocrx_word' id='word_1_44' title='bbox 920 1130 1111 1234; x_wconf 82' lang='grc' dir='ltr'>ἐτύφλωσε</span> <span class='ocrx_word' id='word_1_45' title='bbox 1130 1127 1176 1208; x_wconf 83' lang='grc' dir='ltr'>τὰ</span> <span class='ocrx_word' id='word_1_46' title='bbox 1196 1128 1365 1228; x_wconf 81' lang='grc' dir='ltr'>νοήματα,</span> <span class='ocrx_word' id='word_1_47' title='bbox 1383 1134 1432 1212; x_wconf 81' lang='grc' dir='ltr'>εὶς</span> <span class='ocrx_word' id='word_1_48' title='bbox 1450 1128 1493 1207; x_wconf 80' lang='grc' dir='ltr'>τό</span> <span class='ocrx_word' id='word_1_49' title='bbox 1510 1129 1563 1228; x_wconf 87' lang='grc' dir='ltr'>μὴ</span> 
     </span>
     <span class='ocr_line' id='line_1_7' title="bbox 511 1253 1562 1356; baseline -0.001 -21"><span class='ocrx_word' id='word_1_50' title='bbox 511 1260 666 1335; x_wconf 79' lang='grc' dir='ltr'>ἀκοῦσαι</span> <span class='ocrx_word' id='word_1_51' title='bbox 683 1254 726 1334; x_wconf 82' lang='grc' dir='ltr'>τὸ</span> <span class='ocrx_word' id='word_1_52' title='bbox 744 1256 962 1356; x_wconf 75' lang='grc' dir='ltr'>εὐαγγέλιον,</span> <span class='ocrx_word' id='word_1_53' title='bbox 982 1256 1066 1332; x_wconf 83' lang='grc' dir='ltr'>ἀλλ’</span> <span class='ocrx_word' id='word_1_54' title='bbox 1086 1261 1134 1338; x_wconf 80' lang='grc' dir='ltr'>εἷς</span> <span class='ocrx_word' id='word_1_55' title='bbox 1152 1253 1194 1333; x_wconf 82' lang='grc' dir='ltr'>τῦ</span> <span class='ocrx_word' id='word_1_56' title='bbox 1212 1253 1262 1354; x_wconf 82' lang='grc' dir='ltr'>μὴ</span> <span class='ocrx_word' id='word_1_57' title='bbox 1281 1259 1476 1356; x_wconf 86' lang='grc' dir='ltr'>διαυγάσαι</span> <span class='ocrx_word' id='word_1_58' title='bbox 1497 1254 1562 1334; x_wconf 81' lang='grc' dir='ltr'>τὸν</span> 
     </span>
     <span class='ocr_line' id='line_1_8' title="bbox 511 1380 1562 1489; baseline -0.001 -27"><span class='ocrx_word' id='word_1_59' title='bbox 511 1381 705 1489; x_wconf 78' lang='grc' dir='ltr'>φωτισμόν</span> <span class='ocrx_word' id='word_1_60' title='bbox 722 1387 785 1480; x_wconf 79' lang='grc' dir='ltr'>τῆς</span> <span class='ocrx_word' id='word_1_61' title='bbox 804 1380 911 1488; x_wconf 79' lang='grc' dir='ltr'>δόξης</span> <span class='ocrx_word' id='word_1_62' title='bbox 928 1390 992 1461; x_wconf 91' lang='grc' dir='ltr'>τοῦ</span> <span class='ocrx_word' id='word_1_63' title='bbox 1011 1384 1221 1482; x_wconf 80' lang='grc' dir='ltr'>εὐαγγελίου</span> <span class='ocrx_word' id='word_1_64' title='bbox 1239 1389 1302 1460; x_wconf 91' lang='grc' dir='ltr'>τοῦ</span> <span class='ocrx_word' id='word_1_65' title='bbox 1321 1383 1442 1485; x_wconf 84' lang='grc' dir='ltr'>κυρίου</span> <span class='ocrx_word' id='word_1_66' title='bbox 1460 1383 1562 1481; x_wconf 77' lang='grc' dir='ltr'>ἡμῶν</span> 
     </span>
     <span class='ocr_line' id='line_1_9' title="bbox 512 1507 1561 1611; baseline -0.002 -22"><span class='ocrx_word' id='word_1_67' title='bbox 512 1513 635 1609; x_wconf 81' lang='grc' dir='ltr'>Ἰησοῦ</span> <span class='ocrx_word' id='word_1_68' title='bbox 654 1515 831 1611; x_wconf 82' lang='grc' dir='ltr'>Χριστοῦ·</span> <span class='ocrx_word' id='word_1_69' title='bbox 861 1507 903 1587; x_wconf 82' lang='grc' dir='ltr'>τὸ</span> <span class='ocrx_word' id='word_1_70' title='bbox 921 1507 987 1605; x_wconf 76' lang='grc' dir='ltr'>μὲν</span> <span class='ocrx_word' id='word_1_71' title='bbox 1006 1507 1077 1610; x_wconf 81' lang='grc' dir='ltr'>γὰρ</span> <span class='ocrx_word' id='word_1_72' title='bbox 1091 1512 1243 1587; x_wconf 82' lang='grc' dir='ltr'>ἀκοῦσαι</span> <span class='ocrx_word' id='word_1_73' title='bbox 1261 1517 1325 1588; x_wconf 86' lang='grc' dir='ltr'>τοῦ</span> <span class='ocrx_word' id='word_1_74' title='bbox 1338 1510 1561 1609; x_wconf 88' lang='grc' dir='ltr'>εὐαγγελίου,</span> 
     </span>
     <span class='ocr_line' id='line_1_10' title="bbox 512 1634 1560 1742; baseline -0.003 -25"><span class='ocrx_word' id='word_1_75' title='bbox 512 1643 627 1717; x_wconf 78' lang='grc' dir='ltr'>πᾶσιν</span> <span class='ocrx_word' id='word_1_76' title='bbox 644 1637 791 1742; x_wconf 79' lang='grc' dir='ltr'>ἐφίεται·</span> <span class='ocrx_word' id='word_1_77' title='bbox 823 1637 845 1734; x_wconf 86' lang='grc' dir='ltr'><strong><em>ἡ</em></strong></span> <span class='ocrx_word' id='word_1_78' title='bbox 870 1634 960 1742; x_wconf 85' lang='grc' dir='ltr'>δόξα</span> <span class='ocrx_word' id='word_1_79' title='bbox 984 1634 1022 1714; x_wconf 73' lang='grc' dir='ltr'>δὲ</span> <span class='ocrx_word' id='word_1_80' title='bbox 1040 1644 1104 1715; x_wconf 84' lang='grc' dir='ltr'>τοῦ</span> <span class='ocrx_word' id='word_1_81' title='bbox 1132 1637 1349 1736; x_wconf 89' lang='grc' dir='ltr'>εὐαγγελίου,</span> <span class='ocrx_word' id='word_1_82' title='bbox 1370 1642 1444 1719; x_wconf 82' lang='grc' dir='ltr'>τοῖς</span> <span class='ocrx_word' id='word_1_83' title='bbox 1472 1640 1560 1738; x_wconf 88' lang='grc' dir='ltr'>Χρι-</span> 
     </span>
     <span class='ocr_line' id='line_1_11' title="bbox 512 1761 1558 1868; baseline -0.001 -27"><span class='ocrx_word' id='word_1_84' title='bbox 512 1771 604 1841; x_wconf 92' lang='grc' dir='ltr'>στοῦ</span> <span class='ocrx_word' id='word_1_85' title='bbox 621 1763 783 1863; x_wconf 82' lang='grc' dir='ltr'>γνησίοις</span> <span class='ocrx_word' id='word_1_86' title='bbox 801 1761 921 1859; x_wconf 87' lang='grc' dir='ltr'>μόνοις</span> <span class='ocrx_word' id='word_1_87' title='bbox 943 1763 1159 1868; x_wconf 78' lang='grc' dir='ltr'>ἀφώρισται.</span> <span class='ocrx_word' id='word_1_88' title='bbox 1200 1761 1323 1862; x_wconf 74' lang='grc' dir='ltr'>ἔλεγεν</span> <span class='ocrx_word' id='word_1_89' title='bbox 1347 1761 1411 1840; x_wconf 77' lang='grc' dir='ltr'>οὖν</span> <span class='ocrx_word' id='word_1_90' title='bbox 1436 1763 1458 1839; x_wconf 85' lang='grc' dir='ltr'><strong>ὁ</strong></span> <span class='ocrx_word' id='word_1_91' title='bbox 1480 1761 1558 1840; x_wconf 72' lang='lat' dir='ltr'>Kt-</span> 
     </span>
    </p>
   </div>
   <div class='ocr_carea' id='block_1_3' title="bbox 511 1887 1557 2478">
    <p class='ocr_par' dir='ltr' id='par_1_4' title="bbox 511 1887 1557 2478">
     <span class='ocr_line' id='line_1_12' title="bbox 512 1887 1557 1990; baseline 0.004 -23"><span class='ocrx_word' id='word_1_92' title='bbox 512 1922 597 1990; x_wconf 89' lang='grc' dir='ltr'>ριος,</span> <span class='ocrx_word' id='word_1_93' title='bbox 615 1896 688 1972; x_wconf 85' lang='grc' dir='ltr'>τοῖς</span> <span class='ocrx_word' id='word_1_94' title='bbox 709 1887 774 1987; x_wconf 74' lang='grc' dir='ltr'>μὲν</span> <span class='ocrx_word' id='word_1_95' title='bbox 792 1891 944 1968; x_wconf 84' lang='grc' dir='ltr'>ἀκοῦσαι</span> <span class='ocrx_word' id='word_1_96' title='bbox 962 1888 1012 1988; x_wconf 81' lang='grc' dir='ltr'>μὴ</span> <span class='ocrx_word' id='word_1_97' title='bbox 1032 1888 1244 1988; x_wconf 77' lang='grc' dir='ltr'>δυναμένοις,</span> <span class='ocrx_word' id='word_1_98' title='bbox 1262 1890 1299 1966; x_wconf 81' lang='grc' dir='ltr'>ἐν</span> <span class='ocrx_word' id='word_1_99' title='bbox 1317 1895 1557 1990; x_wconf 80' lang='grc' dir='ltr'>παραβολαῖς·</span> 
     </span>
     <span class='ocr_line' id='line_1_13' title="bbox 511 2011 1556 2115; baseline 0 -23"><span class='ocrx_word' id='word_1_100' title='bbox 511 2022 585 2097; x_wconf 88' lang='grc' dir='ltr'>τοῖς</span> <span class='ocrx_word' id='word_1_101' title='bbox 609 2012 646 2093; x_wconf 77' lang='grc' dir='ltr'>δὲ</span> <span class='ocrx_word' id='word_1_102' title='bbox 673 2019 847 2113; x_wconf 84' lang='grc' dir='ltr'>μαθηταῖς</span> <span class='ocrx_word' id='word_1_103' title='bbox 875 2014 1000 2093; x_wconf 78' lang='grc' dir='ltr'>ε’πέλυε</span> <span class='ocrx_word' id='word_1_104' title='bbox 1029 2015 1104 2093; x_wconf 85' lang='grc' dir='ltr'>κατ’</span> <span class='ocrx_word' id='word_1_105' title='bbox 1124 2014 1215 2092; x_wconf 78' lang='grc' dir='ltr'>ἰδίαν</span> <span class='ocrx_word' id='word_1_106' title='bbox 1238 2011 1302 2095; x_wconf 77' lang='grc' dir='ltr'>τὰς</span> <span class='ocrx_word' id='word_1_107' title='bbox 1329 2012 1556 2115; x_wconf 77' lang='grc' dir='ltr'>παραβολάς.</span> 
     </span>
     <span class='ocr_line' id='line_1_14' title="bbox 512 2138 1557 2247; baseline 0.003 -29"><span class='ocrx_word' id='word_1_108' title='bbox 512 2140 747 2242; x_wconf 80' lang='grc' dir='ltr'>ὁαύγασμὸς</span> <span class='ocrx_word' id='word_1_109' title='bbox 776 2139 847 2242; x_wconf 84' lang='grc' dir='ltr'>γὰρ</span> <span class='ocrx_word' id='word_1_110' title='bbox 878 2145 941 2239; x_wconf 78' lang='grc' dir='ltr'>τῆς</span> <span class='ocrx_word' id='word_1_111' title='bbox 971 2138 1080 2247; x_wconf 81' lang='grc' dir='ltr'>δόξης</span> <span class='ocrx_word' id='word_1_112' title='bbox 1112 2147 1185 2224; x_wconf 86' lang='grc' dir='ltr'>τοῖς</span> <span class='ocrx_word' id='word_1_113' title='bbox 1211 2140 1508 2244; x_wconf 73' lang='grc' dir='ltr'>πεφωτισμένοις,</span> <span class='ocrx_word' id='word_1_114' title='bbox 1536 2175 1557 2238; x_wconf 93' lang='grc' dir='ltr'>η</span> 
     </span>
     <span class='ocr_line' id='line_1_15' title="bbox 511 2268 1556 2373; baseline -0.003 -27"><span class='ocrx_word' id='word_1_115' title='bbox 511 2268 700 2373; x_wconf 83' lang='grc' dir='ltr'>τῦφλωσις</span> <span class='ocrx_word' id='word_1_116' title='bbox 731 2274 805 2350; x_wconf 88' lang='grc' dir='ltr'>τοῖς</span> <span class='ocrx_word' id='word_1_117' title='bbox 837 2270 1013 2350; x_wconf 83' lang='grc' dir='ltr'>ἀπίστοις.</span> <span class='ocrx_word' id='word_1_118' title='bbox 1053 2286 1156 2345; x_wconf 77' lang='grc' dir='ltr'>Ταῦτα</span> <span class='ocrx_word' id='word_1_119' title='bbox 1183 2284 1219 2343; x_wconf 78' lang='grc' dir='ltr'>τὰ</span> <span class='ocrx_word' id='word_1_120' title='bbox 1243 2279 1399 2359; x_wconf 81' lang='grc' dir='ltr'>μυστήρια,</span> <span class='ocrx_word' id='word_1_121' title='bbox 1420 2278 1441 2342; x_wconf 81' lang='lat' dir='ltr'><strong>a</strong></span> <span class='ocrx_word' id='word_1_122' title='bbox 1463 2285 1515 2344; x_wconf 82' lang='grc' dir='ltr'>νῦν</span> <span class='ocrx_word' id='word_1_123' title='bbox 1539 2281 1556 2357; x_wconf 81' lang='grc' dir='ltr'><em>ἡ</em></span> 
     </span>
     <span class='ocr_line' id='line_1_16' title="bbox 512 2391 1556 2478; baseline 0.001 -22"><span class='ocrx_word' id='word_1_124' title='bbox 512 2394 655 2471; x_wconf 74' lang='grc' dir='ltr'>ἐκκλησία</span> <span class='ocrx_word' id='word_1_125' title='bbox 677 2395 823 2473; x_wconf 83' lang='grc' dir='ltr'>διηγεῖταί</span> <span class='ocrx_word' id='word_1_126' title='bbox 842 2417 891 2455; x_wconf 91' lang='grc' dir='ltr'>σοι</span> <span class='ocrx_word' id='word_1_127' title='bbox 913 2396 953 2477; x_wconf 73' lang='grc' dir='ltr'>τῷ</span> <span class='ocrx_word' id='word_1_128' title='bbox 977 2394 1010 2455; x_wconf 76' lang='grc' dir='ltr'>ἐκ</span> <span class='ocrx_word' id='word_1_129' title='bbox 1037 2391 1263 2475; x_wconf 69' lang='grc' dir='ltr'>κατηχουμένων</span> <span class='ocrx_word' id='word_1_130' title='bbox 1287 2394 1556 2478; x_wconf 69' lang='grc' dir='ltr'>μεταβαλλομένῳ,</span> 
     </span>
    </p>
   </div>
   <div class='ocr_carea' id='block_1_4' title="bbox 511 2496 1556 2682">
    <p class='ocr_par' dir='ltr' id='par_1_5' title="bbox 511 2496 1556 2682">
     <span class='ocr_line' id='line_1_17' title="bbox 511 2496 1556 2581; baseline 0.001 -23"><span class='ocrx_word' id='word_1_131' title='bbox 511 2496 564 2558; x_wconf 84' lang='grc' dir='ltr'>οὐκ</span> <span class='ocrx_word' id='word_1_132' title='bbox 590 2496 674 2558; x_wconf 79' lang='grc' dir='ltr'>ἔστιν</span> <span class='ocrx_word' id='word_1_133' title='bbox 698 2496 764 2561; x_wconf 79' lang='grc' dir='ltr'>ἔθος</span> <span class='ocrx_word' id='word_1_134' title='bbox 791 2498 915 2561; x_wconf 80' lang='grc' dir='ltr'>ἐθνικοῖς</span> <span class='ocrx_word' id='word_1_135' title='bbox 941 2500 1119 2577; x_wconf 82' lang='grc' dir='ltr'>διηγεῖσθαι.</span> <span class='ocrx_word' id='word_1_136' title='bbox 1157 2496 1192 2558; x_wconf 89' lang='grc' dir='ltr'>οὐ</span> <span class='ocrx_word' id='word_1_137' title='bbox 1217 2498 1275 2577; x_wconf 76' lang='grc' dir='ltr'>γδρ</span> <span class='ocrx_word' id='word_1_138' title='bbox 1300 2498 1406 2581; x_wconf 74' lang='grc' dir='ltr'>ἐθνικῷ</span> <span class='ocrx_word' id='word_1_139' title='bbox 1434 2500 1472 2560; x_wconf 77' lang='grc' dir='ltr'>τὰ</span> <span class='ocrx_word' id='word_1_140' title='bbox 1493 2498 1556 2577; x_wconf 80' lang='grc' dir='ltr'>περὶ</span> 
     </span>
     <span class='ocr_line' id='line_1_18' title="bbox 512 2597 1554 2682; baseline 0.003 -22"><span class='ocrx_word' id='word_1_141' title='bbox 512 2597 631 2677; x_wconf 81' lang='grc' dir='ltr'>Πατρός</span> <span class='ocrx_word' id='word_1_142' title='bbox 653 2598 701 2661; x_wconf 82' lang='grc' dir='ltr'>καὶ</span> <span class='ocrx_word' id='word_1_143' title='bbox 725 2600 799 2661; x_wconf 75' lang='grc' dir='ltr'>Ύὶοῦ</span> <span class='ocrx_word' id='word_1_144' title='bbox 821 2599 868 2661; x_wconf 82' lang='grc' dir='ltr'>καὶ</span> <span class='ocrx_word' id='word_1_145' title='bbox 894 2599 980 2678; x_wconf 78' lang='grc' dir='ltr'>ἁγίου</span> <span class='ocrx_word' id='word_1_146' title='bbox 1004 2599 1179 2676; x_wconf 82' lang='grc' dir='ltr'>Πνεθματος</span> <span class='ocrx_word' id='word_1_147' title='bbox 1200 2600 1377 2679; x_wconf 82' lang='grc' dir='ltr'>διηγούμεθα</span> <span class='ocrx_word' id='word_1_148' title='bbox 1402 2600 1554 2682; x_wconf 80' lang='grc' dir='ltr'>μυστήρια·</span> 
     </span>
    </p>
   </div>
   <div class='ocr_carea' id='block_1_5' title="bbox 506 2815 1556 4265">
    <p class='ocr_par' dir='ltr' id='par_1_6' title="bbox 506 2815 1556 4265">
     <span class='ocr_line' id='line_1_19' title="bbox 510 2815 1555 2900; baseline 0.002 -21"><span class='ocrx_word' id='word_1_149' title='bbox 510 2823 618 2879; x_wconf 88' lang='lat' dir='ltr'><strong>rantes</strong></span> <span class='ocrx_word' id='word_1_150' title='bbox 656 2824 855 2880; x_wconf 72' lang='lat' dir='ltr'><strong>excaecantur</strong></span> <span class='ocrx_word' id='word_1_151' title='bbox 895 2815 1011 2878; x_wconf 90' lang='lat' dir='ltr'><strong>lumine</strong></span> <span class='ocrx_word' id='word_1_152' title='bbox 1053 2815 1158 2898; x_wconf 90' lang='lat' dir='ltr'><strong>risque</strong></span> <span class='ocrx_word' id='word_1_153' title='bbox 1183 2815 1367 2900; x_wconf 82' lang='lat' dir='ltr'><strong>(discipulis)</strong></span> <span class='ocrx_word' id='word_1_154' title='bbox 1394 2817 1555 2881; x_wconf 79' lang='lat' dir='ltr'><strong>tribuitur.</strong></span> 
     </span>
     <span class='ocr_line' id='line_1_20' title="bbox 511 2900 1556 2986; baseline -0.001 -22"><span class='ocrx_word' id='word_1_155' title='bbox 511 2902 662 2986; x_wconf 88' lang='lat' dir='ltr'><strong>perculsi:</strong></span> <span class='ocrx_word' id='word_1_156' title='bbox 686 2925 749 2965; x_wconf 91' lang='lat' dir='ltr'>uon</span> <span class='ocrx_word' id='word_1_157' title='bbox 775 2903 860 2986; x_wconf 91' lang='lat' dir='ltr'><strong>quod</strong></span> <span class='ocrx_word' id='word_1_158' title='bbox 886 2900 932 2963; x_wconf 92' lang='lat' dir='ltr'>sol</span> <span class='ocrx_word' id='word_1_159' title='bbox 959 2924 1012 2963; x_wconf 86' lang='lat' dir='ltr'>ex·</span> <span class='ocrx_word' id='word_1_160' title='bbox 1054 2900 1209 2963; x_wconf 84' lang='lat' dir='ltr'><strong>Dominus</strong></span> <span class='ocrx_word' id='word_1_161' title='bbox 1235 2902 1342 2985; x_wconf 88' lang='lat' dir='ltr'><strong>itaque</strong></span> <span class='ocrx_word' id='word_1_162' title='bbox 1367 2901 1556 2985; x_wconf 79' lang='lat' dir='ltr'><strong>loquebatur</strong></span> 
     </span>
     <span class='ocr_line' id='line_1_21' title="bbox 510 2986 1554 3071; baseline 0.001 -22"><span class='ocrx_word' id='word_1_163' title='bbox 510 2987 648 3049; x_wconf 69' lang='lat' dir='ltr'><strong>caecandi</strong></span> <span class='ocrx_word' id='word_1_164' title='bbox 664 2986 815 3051; x_wconf 76' lang='lat' dir='ltr'><strong>facultate</strong></span> <span class='ocrx_word' id='word_1_165' title='bbox 835 2988 877 3050; x_wconf 87' lang='lat' dir='ltr'>sit</span> <span class='ocrx_word' id='word_1_166' title='bbox 899 2987 1012 3069; x_wconf 88' lang='lat' dir='ltr'><strong>praedi·</strong></span> <span class='ocrx_word' id='word_1_167' title='bbox 1054 2986 1085 3047; x_wconf 91' lang='lat' dir='ltr'><strong>iu</strong></span> <span class='ocrx_word' id='word_1_168' title='bbox 1110 2987 1269 3070; x_wconf 87' lang='lat' dir='ltr'><strong>parabolis</strong></span> <span class='ocrx_word' id='word_1_169' title='bbox 1291 2987 1329 3050; x_wconf 90' lang='lat' dir='ltr'>iis</span> <span class='ocrx_word' id='word_1_170' title='bbox 1352 2988 1482 3070; x_wconf 90' lang='lat' dir='ltr'><strong>quidem</strong></span> <span class='ocrx_word' id='word_1_171' title='bbox 1505 2988 1554 3071; x_wconf 88' lang='lat' dir='ltr'><strong>qui</strong></span> 
     </span>
     <span class='ocr_line' id='line_1_22' title="bbox 510 3072 1555 3156; baseline 0.003 -22"><span class='ocrx_word' id='word_1_172' title='bbox 510 3079 572 3146; x_wconf 83' lang='lat' dir='ltr'><strong>tus,</strong></span> <span class='ocrx_word' id='word_1_173' title='bbox 590 3074 645 3135; x_wconf 88' lang='lat' dir='ltr'>sed</span> <span class='ocrx_word' id='word_1_174' title='bbox 661 3074 744 3155; x_wconf 85' lang='lat' dir='ltr'><strong>quod</strong></span> <span class='ocrx_word' id='word_1_175' title='bbox 761 3073 922 3136; x_wconf 89' lang='lat' dir='ltr'><strong>oculorum</strong></span> <span class='ocrx_word' id='word_1_176' title='bbox 942 3081 1008 3135; x_wconf 88' lang='lat' dir='ltr'><strong>sta-</strong></span> <span class='ocrx_word' id='word_1_177' title='bbox 1055 3093 1117 3134; x_wconf 88' lang='lat' dir='ltr'>non</span> <span class='ocrx_word' id='word_1_178' title='bbox 1139 3079 1290 3156; x_wconf 89' lang='lat' dir='ltr'><strong>poteraut</strong></span> <span class='ocrx_word' id='word_1_179' title='bbox 1312 3072 1441 3137; x_wconf 87' lang='lat' dir='ltr'><strong>audire:</strong></span> <span class='ocrx_word' id='word_1_180' title='bbox 1467 3074 1555 3137; x_wconf 88' lang='lat' dir='ltr'><strong>disci·</strong></span> 
     </span>
     <span class='ocr_line' id='line_1_23' title="bbox 509 3156 1552 3243; baseline 0.001 -22"><span class='ocrx_word' id='word_1_181' title='bbox 509 3165 562 3221; x_wconf 90' lang='lat' dir='ltr'><strong>tus</strong></span> <span class='ocrx_word' id='word_1_182' title='bbox 591 3181 612 3221; x_wconf 90' lang='lat' dir='ltr'><strong>a</strong></span> <span class='ocrx_word' id='word_1_183' title='bbox 635 3159 769 3221; x_wconf 83' lang='lat' dir='ltr'><strong>videndo</strong></span> <span class='ocrx_word' id='word_1_184' title='bbox 799 3157 1007 3242; x_wconf 83' lang='lat' dir='ltr'><strong>impediatur:</strong></span> <span class='ocrx_word' id='word_1_185' title='bbox 1054 3156 1134 3241; x_wconf 88' lang='lat' dir='ltr'><strong>pulis</strong></span> <span class='ocrx_word' id='word_1_186' title='bbox 1158 3179 1230 3219; x_wconf 90' lang='lat' dir='ltr'><strong>vero</strong></span> <span class='ocrx_word' id='word_1_187' title='bbox 1248 3157 1397 3241; x_wconf 87' lang='lat' dir='ltr'><strong>privatim</strong></span> <span class='ocrx_word' id='word_1_188' title='bbox 1420 3160 1552 3243; x_wconf 85' lang='lat' dir='ltr'><strong>parabo-</strong></span> 
     </span>
     <span class='ocr_line' id='line_1_24' title="bbox 509 3242 1555 3330; baseline 0.002 -25"><span class='ocrx_word' id='word_1_189' title='bbox 509 3243 553 3305; x_wconf 90' lang='lat' dir='ltr'><strong>sic</strong></span> <span class='ocrx_word' id='word_1_190' title='bbox 569 3251 602 3306; x_wconf 88' lang='lat' dir='ltr'><strong>et</strong></span> <span class='ocrx_word' id='word_1_191' title='bbox 617 3243 730 3327; x_wconf 90' lang='lat' dir='ltr'><strong>quibus</strong></span> <span class='ocrx_word' id='word_1_192' title='bbox 753 3244 850 3307; x_wconf 91' lang='lat' dir='ltr'><strong>corda</strong></span> <span class='ocrx_word' id='word_1_193' title='bbox 865 3243 1012 3305; x_wconf 86' lang='lat' dir='ltr'><strong>laborant</strong></span> <span class='ocrx_word' id='word_1_194' title='bbox 1054 3242 1100 3304; x_wconf 85' lang='lat' dir='ltr'>las</span> <span class='ocrx_word' id='word_1_195' title='bbox 1123 3250 1156 3305; x_wconf 88' lang='lat' dir='ltr'><strong>et</strong></span> <span class='ocrx_word' id='word_1_196' title='bbox 1178 3242 1398 3306; x_wconf 88' lang='lat' dir='ltr'><strong>similitudines</strong></span> <span class='ocrx_word' id='word_1_197' title='bbox 1421 3246 1555 3330; x_wconf 85' lang='lat' dir='ltr'><strong>explica·</strong></span> 
     </span>
     <span class='ocr_line' id='line_1_25' title="bbox 509 3327 1556 3414; baseline 0.002 -25"><span class='ocrx_word' id='word_1_198' title='bbox 509 3328 740 3401; x_wconf 81' lang='lat' dir='ltr'><strong>incredulitate,</strong></span> <span class='ocrx_word' id='word_1_199' title='bbox 780 3330 800 3391; x_wconf 91' lang='lat' dir='ltr'>ii</span> <span class='ocrx_word' id='word_1_200' title='bbox 836 3328 1012 3391; x_wconf 86' lang='lat' dir='ltr'><strong>divinitatis</strong></span> <span class='ocrx_word' id='word_1_201' title='bbox 1055 3328 1119 3391; x_wconf 90' lang='lat' dir='ltr'><strong>bat.</strong></span> <span class='ocrx_word' id='word_1_202' title='bbox 1168 3327 1287 3389; x_wconf 90' lang='lat' dir='ltr'><strong>Gloriae</strong></span> <span class='ocrx_word' id='word_1_203' title='bbox 1332 3329 1416 3391; x_wconf 90' lang='lat' dir='ltr'><strong>enim</strong></span> <span class='ocrx_word' id='word_1_204' title='bbox 1455 3329 1556 3414; x_wconf 86' lang='lat' dir='ltr'><strong>fulgor</strong></span> 
     </span>
     <span class='ocr_line' id='line_1_26' title="bbox 509 3413 1555 3497; baseline 0.003 -23"><span class='ocrx_word' id='word_1_205' title='bbox 509 3414 615 3476; x_wconf 88' lang='lat' dir='ltr'><strong>radios</strong></span> <span class='ocrx_word' id='word_1_206' title='bbox 630 3415 773 3477; x_wconf 89' lang='lat' dir='ltr'><strong>contueri</strong></span> <span class='ocrx_word' id='word_1_207' title='bbox 788 3436 851 3476; x_wconf 91' lang='lat' dir='ltr'>non</span> <span class='ocrx_word' id='word_1_208' title='bbox 867 3424 1011 3497; x_wconf 87' lang='lat' dir='ltr'><strong>possunt.</strong></span> <span class='ocrx_word' id='word_1_209' title='bbox 1053 3435 1162 3475; x_wconf 91' lang='lat' dir='ltr'><strong>eorum</strong></span> <span class='ocrx_word' id='word_1_210' title='bbox 1178 3422 1236 3489; x_wconf 89' lang='lat' dir='ltr'><strong>est,</strong></span> <span class='ocrx_word' id='word_1_211' title='bbox 1254 3413 1308 3496; x_wconf 92' lang='lat' dir='ltr'><strong>qui</strong></span> <span class='ocrx_word' id='word_1_212' title='bbox 1323 3414 1390 3497; x_wconf 90' lang='lat' dir='ltr'>jam</span> <span class='ocrx_word' id='word_1_213' title='bbox 1406 3415 1555 3479; x_wconf 87' lang='lat' dir='ltr'><strong>illustrati</strong></span> 
     </span>
     <span class='ocr_line' id='line_1_27' title="bbox 510 3498 1551 3581; baseline 0.004 -22"><span class='ocrx_word' id='word_1_214' title='bbox 510 3498 576 3561; x_wconf 90' lang='lat' dir='ltr'>Nec</span> <span class='ocrx_word' id='word_1_215' title='bbox 589 3499 687 3562; x_wconf 87' lang='lat' dir='ltr'><strong>dixit:</strong></span> <span class='ocrx_word' id='word_1_216' title='bbox 709 3500 877 3562; x_wconf 82' lang='lat' dir='ltr'><strong>exeaecavit</strong></span> <span class='ocrx_word' id='word_1_217' title='bbox 892 3499 1012 3581; x_wconf 86' lang='lat' dir='ltr'><strong>cogita·</strong></span> <span class='ocrx_word' id='word_1_218' title='bbox 1053 3509 1144 3561; x_wconf 89' lang='lat' dir='ltr'><strong>sunt:</strong></span> <span class='ocrx_word' id='word_1_219' title='bbox 1173 3498 1344 3562; x_wconf 84' lang='lat' dir='ltr'><strong>excaeeatio</strong></span> <span class='ocrx_word' id='word_1_220' title='bbox 1370 3500 1551 3563; x_wconf 85' lang='lat' dir='ltr'><strong>infidelium.</strong></span> 
     </span>
     <span class='ocr_line' id='line_1_28' title="bbox 507 3583 1553 3666; baseline -0.002 -20"><span class='ocrx_word' id='word_1_221' title='bbox 507 3583 611 3646; x_wconf 85' lang='lat' dir='ltr'><strong>tiones</strong></span> <span class='ocrx_word' id='word_1_222' title='bbox 644 3606 683 3647; x_wconf 90' lang='lat' dir='ltr'>ne</span> <span class='ocrx_word' id='word_1_223' title='bbox 712 3586 846 3649; x_wconf 85' lang='lat' dir='ltr'><strong>audiant</strong></span> <span class='ocrx_word' id='word_1_224' title='bbox 876 3606 1011 3666; x_wconf 83' lang='lat' dir='ltr'><strong>evange·</strong></span> <span class='ocrx_word' id='word_1_225' title='bbox 1054 3587 1125 3641; x_wconf 82' lang='lat' dir='ltr'>Haec</span> <span class='ocrx_word' id='word_1_226' title='bbox 1148 3588 1281 3661; x_wconf 84' lang='lat' dir='ltr'><strong>mysteria</strong></span> <span class='ocrx_word' id='word_1_227' title='bbox 1303 3606 1378 3643; x_wconf 87' lang='lat' dir='ltr'><strong>nuuc</strong></span> <span class='ocrx_word' id='word_1_228' title='bbox 1401 3588 1453 3644; x_wconf 92' lang='lat' dir='ltr'><strong>tibi</strong></span> <span class='ocrx_word' id='word_1_229' title='bbox 1477 3600 1553 3662; x_wconf 86' lang='lat' dir='ltr'><strong>pate·</strong></span> 
     </span>
     <span class='ocr_line' id='line_1_29' title="bbox 507 3667 1553 3755; baseline 0.003 -33"><span class='ocrx_word' id='word_1_230' title='bbox 507 3667 602 3740; x_wconf 86' lang='lat' dir='ltr'><strong>lium;</strong></span> <span class='ocrx_word' id='word_1_231' title='bbox 628 3671 683 3732; x_wconf 74' lang='lat' dir='ltr'>sed</span> <span class='ocrx_word' id='word_1_232' title='bbox 701 3671 884 3755; x_wconf 58' lang='lat' dir='ltr'>lmfulpeat</span> <span class='ocrx_word' id='word_1_233' title='bbox 898 3670 1010 3732; x_wconf 72' lang='lat' dir='ltr'>inillis</span> <span class='ocrx_word' id='word_1_234' title='bbox 1052 3667 1119 3723; x_wconf 87' lang='lat' dir='ltr'><strong>facit</strong></span> <span class='ocrx_word' id='word_1_235' title='bbox 1134 3667 1261 3723; x_wconf 83' lang='lat' dir='ltr'><strong>Ecclesia</strong></span> <span class='ocrx_word' id='word_1_236' title='bbox 1280 3687 1315 3723; x_wconf 79' lang='lat' dir='ltr'>ex</span> <span class='ocrx_word' id='word_1_237' title='bbox 1334 3669 1553 3725; x_wconf 86' lang='lat' dir='ltr'><strong>catechumeno·</strong></span> 
     </span>
     <span class='ocr_line' id='line_1_30' title="bbox 506 3750 1554 3840; baseline 0.001 -25"><span class='ocrx_word' id='word_1_238' title='bbox 506 3754 692 3818; x_wconf 79' lang='lat' dir='ltr'><strong>illuminatio</strong></span> <span class='ocrx_word' id='word_1_239' title='bbox 727 3757 835 3840; x_wconf 73' lang='lat' dir='ltr'><strong>picria</strong></span> <span class='ocrx_word' id='word_1_240' title='bbox 862 3756 1012 3840; x_wconf 73' lang='grc' dir='ltr'>ιααιιροίὶἰ</span> <span class='ocrx_word' id='word_1_241' title='bbox 1053 3767 1114 3839; x_wconf 56' lang='grc' dir='ltr'>ξῡῐΰ</span> <span class='ocrx_word' id='word_1_242' title='bbox 1137 3758 1430 3822; x_wconf 63' lang='lat' dir='ltr'><strong>⁸01tetrfl¹¹sgre⁸⁸0=</strong></span> <span class='ocrx_word' id='word_1_243' title='bbox 1455 3750 1554 3806; x_wconf 62' lang='lat' dir='ltr'><strong>Genti-</strong></span> 
     </span>
     <span class='ocr_line' id='line_1_31' title="bbox 507 3829 1552 3921; baseline 0 -19"><span class='ocrx_word' id='word_1_244' title='bbox 507 3838 636 3903; x_wconf 72' lang='lat' dir='ltr'><strong>Domiti</strong></span> <span class='ocrx_word' id='word_1_245' title='bbox 661 3844 756 3905; x_wconf 73' lang='lat' dir='ltr'><strong>nostri</strong></span> <span class='ocrx_word' id='word_1_246' title='bbox 782 3844 857 3905; x_wconf 74' lang='lat' dir='ltr'>Jccu</span> <span class='ocrx_word' id='word_1_247' title='bbox 883 3842 1007 3905; x_wconf 72' lang='lat' dir='ltr'><strong>Christi.</strong></span> <span class='ocrx_word' id='word_1_248' title='bbox 1053 3829 1124 3884; x_wconf 60' lang='grc' dir='ltr'>ΜΝΞ</span> <span class='ocrx_word' id='word_1_249' title='bbox 1153 3848 1295 3920; x_wconf 46' lang='lat' dir='ltr'><strong>&amp;diffinere</strong></span> <span class='ocrx_word' id='word_1_250' title='bbox 1317 3848 1386 3920; x_wconf 45' lang='grc' dir='ltr'>,ΨΟΘ</span> <span class='ocrx_word' id='word_1_251' title='bbox 1406 3850 1472 3921; x_wconf 44' lang='grc' dir='ltr'>,11θῦ</span> <span class='ocrx_word' id='word_1_252' title='bbox 1502 3841 1552 3886; x_wconf 60' lang='grc' dir='ltr'>θεῖ·</span> 
     </span>
     <span class='ocr_line' id='line_1_32' title="bbox 509 3909 1553 4010; baseline -0.003 -22"><span class='ocrx_word' id='word_1_253' title='bbox 509 3924 592 3989; x_wconf 86' lang='lat' dir='ltr'>Nam</span> <span class='ocrx_word' id='word_1_254' title='bbox 605 3928 799 4010; x_wconf 87' lang='lat' dir='ltr'><strong>evangelium</strong></span> <span class='ocrx_word' id='word_1_255' title='bbox 812 3927 922 3990; x_wconf 86' lang='lat' dir='ltr'><strong>audire</strong></span> <span class='ocrx_word' id='word_1_256' title='bbox 937 3928 1005 4010; x_wconf 87' lang='lat' dir='ltr'><strong>[ab]</strong></span> <span class='ocrx_word' id='word_1_257' title='bbox 1021 3969 1027 3979; x_wconf 53' lang='grc' dir='ltr'>ι</span> <span class='ocrx_word' id='word_1_258' title='bbox 1052 3910 1120 3965; x_wconf 84' lang='lat' dir='ltr'>N⁰¹¹</span> <span class='ocrx_word' id='word_1_259' title='bbox 1142 3928 1225 4000; x_wconf 62' lang='lat' dir='ltr'><strong>emm,</strong></span> <span class='ocrx_word' id='word_1_260' title='bbox 1238 3909 1345 4001; x_wconf 61' lang='lat' dir='ltr'>,Gennh</span> <span class='ocrx_word' id='word_1_261' title='bbox 1368 3930 1499 4003; x_wconf 56' lang='lat' dir='ltr'><strong>fultum</strong></span> <span class='ocrx_word' id='word_1_262' title='bbox 1520 3912 1553 3967; x_wconf 65' lang='lat' dir='ltr'>de</span> 
     </span>
     <span class='ocr_line' id='line_1_33' title="bbox 508 3990 1553 4095; baseline 0.004 -51"><span class='ocrx_word' id='word_1_263' title='bbox 508 4012 653 4074; x_wconf 63' lang='lat' dir='ltr'>omnibus</span> <span class='ocrx_word' id='word_1_264' title='bbox 677 4013 838 4095; x_wconf 57' lang='lat' dir='ltr'><strong>expetitur</strong></span> <span class='ocrx_word' id='word_1_265' title='bbox 865 4013 1009 4095; x_wconf 51' lang='lat' dir='ltr'>(permit,</span> <span class='ocrx_word' id='word_1_266' title='bbox 1051 3990 1134 4045; x_wconf 89' lang='lat' dir='ltr'><strong>Patre</strong></span> <span class='ocrx_word' id='word_1_267' title='bbox 1152 4003 1180 4045; x_wconf 88' lang='lat' dir='ltr'><strong>et</strong></span> <span class='ocrx_word' id='word_1_268' title='bbox 1195 3990 1266 4046; x_wconf 78' lang='lat' dir='ltr'><strong>Filio</strong></span> <span class='ocrx_word' id='word_1_269' title='bbox 1284 3999 1312 4045; x_wconf 88' lang='lat' dir='ltr'><strong>et</strong></span> <span class='ocrx_word' id='word_1_270' title='bbox 1328 3990 1439 4064; x_wconf 77' lang='lat' dir='ltr'><strong>Spiritu</strong></span> <span class='ocrx_word' id='word_1_271' title='bbox 1457 4004 1553 4048; x_wconf 81' lang='lat' dir='ltr'><strong>sancto</strong></span> 
     </span>
     <span class='ocr_line' id='line_1_34' title="bbox 508 4071 1552 4181; baseline 0.001 -55"><span class='ocrx_word' id='word_1_272' title='bbox 508 4096 620 4178; x_wconf 54' lang='lat' dir='ltr'>mm:</span> <span class='ocrx_word' id='word_1_273' title='bbox 656 4106 691 4160; x_wconf 59' lang='lat' dir='ltr'>at</span> <span class='ocrx_word' id='word_1_274' title='bbox 723 4098 873 4181; x_wconf 62' lang='lat' dir='ltr'>evangelii</span> <span class='ocrx_word' id='word_1_275' title='bbox 909 4099 1010 4180; x_wconf 60' lang='lat' dir='ltr'><strong>gloria</strong></span> <span class='ocrx_word' id='word_1_276' title='bbox 1050 4090 1152 4126; x_wconf 86' lang='lat' dir='ltr'><strong>arcana</strong></span> <span class='ocrx_word' id='word_1_277' title='bbox 1188 4071 1322 4144; x_wconf 86' lang='lat' dir='ltr'><strong>mysteria</strong></span> <span class='ocrx_word' id='word_1_278' title='bbox 1360 4072 1552 4129; x_wconf 86' lang='lat' dir='ltr'><strong>declaramus:</strong></span> 
     </span>
     <span class='ocr_line' id='line_1_35' title="bbox 507 4152 1551 4265; baseline 0.004 -23"><span class='ocrx_word' id='word_1_279' title='bbox 507 4181 581 4242; x_wconf 81' lang='lat' dir='ltr'><strong>solis</strong></span> <span class='ocrx_word' id='word_1_280' title='bbox 597 4182 715 4245; x_wconf 78' lang='lat' dir='ltr'><strong>Christi</strong></span> <span class='ocrx_word' id='word_1_281' title='bbox 738 4183 897 4265; x_wconf 85' lang='lat' dir='ltr'><strong>germanis</strong></span> <span class='ocrx_word' id='word_1_282' title='bbox 912 4183 1009 4245; x_wconf 83' lang='lat' dir='ltr'><strong>since·</strong></span> <span class='ocrx_word' id='word_1_283' title='bbox 1051 4170 1141 4224; x_wconf 61' lang='lat' dir='ltr'>”eque</span> <span class='ocrx_word' id='word_1_284' title='bbox 1164 4152 1256 4224; x_wconf 62' lang='lat' dir='ltr'><strong>palam</strong></span> <span class='ocrx_word' id='word_1_285' title='bbox 1278 4152 1352 4225; x_wconf 73' lang='lat' dir='ltr'>³p¹¹d</span> <span class='ocrx_word' id='word_1_286' title='bbox 1375 4154 1551 4209; x_wconf 46' lang='lat' dir='ltr'>catechum*</span> 
     </span>
    </p>
   </div>
   <div class='ocr_carea' id='block_1_6' title="bbox 924 4389 1144 4460">
    <p class='ocr_par' dir='ltr' id='par_1_7' title="bbox 924 4389 1144 4460">
     <span class='ocr_line' id='line_1_36' title="bbox 924 4389 1144 4460; baseline 0.018 -18"><span class='ocrx_word' id='word_1_287' title='bbox 924 4394 930 4414; x_wconf 93' lang='lat'><strong>¹</strong></span> <span class='ocrx_word' id='word_1_288' title='bbox 948 4407 962 4442; x_wconf 87' lang='lat'>2</span> <span class='ocrx_word' id='word_1_289' title='bbox 981 4391 1046 4444; x_wconf 81' lang='lat' dir='ltr'><strong>Cor.</strong></span> <span class='ocrx_word' id='word_1_290' title='bbox 1061 4389 1098 4445; x_wconf 81' lang='lat' dir='ltr'><strong>iu.</strong></span> <span class='ocrx_word' id='word_1_291' title='bbox 1116 4407 1144 4460; x_wconf 78' lang='lat'>4.</span> 
     </span>
    </p>
   </div>
   <div class='ocr_carea' id='block_1_7' title="bbox 0 0 1954 5167">
    <p class='ocr_par' dir='ltr' id='par_1_8' title="bbox 0 0 1954 5167">
     <span class='ocr_line' id='line_1_37' title="bbox 0 0 1954 5167; baseline 0 1"><span class='ocrx_word' id='word_1_292' title='bbox 0 0 1954 5167; x_wconf 95' lang='lat' dir='ltr'> </span> 
     </span>
    </p>
   </div>
  </div>
 </body>
</html>
