3900 5167
450 445 516 507 302
645 443 710 505 DE
734 438 1118 504 REBAPTISMATE
1143 437 1306 501 LIBER.
1403 447 1406 454 ’

449 612 597 685 Joannis
621 621 660 683 et
689 612 797 705 ipsius
824 612 970 681 Domini
1000 610 1320 704 predicationibus,
1345 611 1490 703 quando

450 730 594 821 quidem
612 729 701 799 ethi
717 730 793 800 sine
810 750 936 799 manus
952 729 1178 819 impositione
1193 727 1446 820 apostolorum,
1458 737 1490 797 et

450 848 526 916 sine
543 846 693 929 lavacro,
710 845 804 936 quod
822 853 944 937 postea
962 844 1083 936 adepti
1099 854 1193 926 sunt,
1209 844 1365 938 gratiam
1381 867 1490 936 repro

449 962 624 1032 missionis
641 961 862 1053 acceperint3
889 967 943 1030 ¹et
960 959 1162 1031 emundatis
1184 960 1353 1031 cordibus
1377 982 1490 1029 eorum

451 1077 550 1147 Deus
567 1077 752 1169 perfidem
770 1076 925 1168 ipsomm
943 1077 1053 1146 etiam
1075 1076 1321 1146 remissionem
1339 1084 1492 1167 peccato·

451 1217 529 1263 rum
547 1192 652 1264 simul
670 1194 721 1263 eis
737 1191 885 1285 largitus
906 1193 962 1275 sit,
981 1204 1022 1263 ut
1039 1191 1106 1262 hoc
1123 1191 1238 1262 solum
1256 1192 1309 1262 eis
1326 1192 1491 1283 baptisma

451 1311 668 1401 subsequens
690 1307 902 1399 praestiterit,
919 1317 961 1378 ut
987 1308 1248 1378 invocationem
1270 1330 1414 1401 quoque
1437 1330 1492 1377 no·

450 1426 556 1495 minis
580 1424 669 1494 Jesu
695 1422 828 1494 Christi
853 1425 1074 1517 acciperent;
1110 1424 1268 1515 nequid
1295 1425 1350 1494 eis
1379 1424 1492 1495 deesse

451 1540 629 1610 videretur
645 1540 690 1610 ad
707 1540 952 1633 integritatem
969 1539 1153 1609 ministerii
1171 1548 1210 1609 et
1226 1540 1322 1610 fidei.

502 1654 571 1725 VI.
598 1654 704 1738 Quod
727 1657 845 1738 etiam,
864 1678 884 1726 e
907 1656 1082 1724 contrario
1104 1654 1216 1725 latere
1238 1664 1413 1727 tractatus
1434 1657 1492 1726 hu·

347 1781 349 1784 ’
445 1772 615 1864 jussum
641 1774 822 1842 consecuti
847 1771 913 1863 ipsi
937 1768 990 1841 illi
1017 1769 1177 1862 discipuli
1205 1771 1353 1841 Domini
1379 1774 1492 1855 nostri,

451 1910 556 1980 super
572 1909 660 1978 quos
676 1888 891 1978 jampridem
908 1887 1116 1980 baptizatos,
1134 1896 1314 1979 postremo
1332 1890 1390 1960 die
1408 1890 1492 1960 Pen-

451 2014 605 2076 tecostes
631 2004 835 2095 supervenit
861 2002 1015 2095 Spiritus
1042 2012 1194 2083 sanctus,
1216 2003 1404 2076 voluntate
1429 2004 1492 2075 Dei

451 2122 605 2213 quidem,
635 2143 706 2190 non
736 2142 798 2189 sua
825 2127 951 2211 sponte
981 2119 1072 2191 coelo
1105 2119 1233 2212 lapsus
1263 2122 1328 2191 sed
1358 2122 1403 2192 ad
1432 2122 1493 2192 hcc

450 2234 567 2326 ipsum
594 2256 724 2304 munus
747 2234 925 2318 'effusum
952 2234 1054 2304 sedet
1079 2257 1184 2327 super
1208 2258 1494 2328 unumquemque

451 2372 584 2419 eorum.
621 2347 710 2420 Cum
724 2349 813 2440 justi
825 2349 1038 2441 jampridem
1056 2357 1097 2418 ut
1114 2349 1269 2419 diximus
1286 2350 1494 2443 baptismate

453 2465 599 2536 Domini
624 2467 773 2536 fuissent
794 2466 973 2558 baptizati,
997 2466 1088 2537 sicut
1109 2474 1146 2536 et
1170 2465 1237 2557 ipsi
1260 2466 1421 2559 apostoli,
1439 2466 1495 2558 qni

451 2595 571 2653 tamen
589 2605 711 2653 omnes
729 2582 924 2652 Dominum
950 2591 1056 2652 nocte
1078 2605 1148 2673 qua
1172 2581 1413 2673 apprehensus
1434 2591 1493 2664 est,

452 2699 643 2768 deseruisse
665 2698 915 2767 inveniuntur:
941 2706 980 2766 et
997 2696 1057 2767 ille
1074 2697 1159 2789 ipse,
1177 2698 1237 2788 qui
1255 2697 1428 2791 gloriatus
1444 2707 1494 2769 est

451 2824 755 2907 perseveraturum
781 2837 819 2884 se
846 2814 882 2881 in
908 2836 970 2882 sua
996 2813 1076 2894 fide,
1105 2811 1243 2894 Petrus,
1270 2822 1308 2883 et
1333 2816 1495 2884 adversus

451 2931 559 3021 ipsius
577 2929 722 2998 Domini
744 2930 950 3020 praedictum
977 2929 1252 2998 obstinatissime
1278 2932 1493 3024 repugnavit

451 3059 628 3140 postremo
652 3057 773 3115 tamen
797 3069 880 3115 eum
901 3046 1010 3114 etiam
1028 3045 1192 3137 negavit3
1218 3053 1259 3112 ut
1277 3045 1344 3115 hac
1364 3047 1493 3115 ratione

450 3166 696 3234 ostenderetur
713 3162 822 3243 nobis,
837 3185 913 3253 quae
931 3160 1048 3230 medio
1063 3170 1222 3251 tempore
1236 3184 1379 3253 quoquo
1393 3163 1493 3231 modo

450 3289 717 3351 ³contraxerant
731 3279 870 3359 delicta,
885 3277 1009 3347 eadem
1023 3276 1098 3346 haec
1116 3278 1152 3345 in
1170 3278 1220 3346 eis
1237 3278 1325 3347 ⁴fide
1343 3288 1494 3369 postmo-

493 3454 500 3475 ¹
516 3453 544 3500 et
559 3443 731 3515 emundatis]
750 3451 775 3497 et
789 3445 830 3497 sic
839 3442 923 3516 paulo
938 3449 1000 3496 ante
1013 3441 1168 3496 emundatis.
1212 3439 1258 3496 Ita
1272 3440 1413 3496 Baluzius.
1449 3438 1494 3494 Ri-

452 3543 564 3619 galtius,
590 3551 616 3597 ct
640 3541 784 3604 inundatis,
810 3539 985 3596 intermediis
1010 3538 1140 3595 omissis:
1171 3539 1246 3611 quod
1273 3539 1367 3613 magis
1394 3539 1492 3613 placet.

451 3643 545 3698 Oxou.
568 3649 594 3694 et
615 3639 770 3694 ernundutis.
794 3638 964 3693 Gannsnur.
1006 3636 1087 3693 Edit.
1113 3635 1191 3692 Osca
1214 3646 1327 3692 secutus
1347 3656 1419 3693 sum.
1461 3635 1492 3691 In

453 3739 602 3795 leuziuna
617 3736 811 3810 typographus
826 3734 989 3790 Parisiensis
1004 3734 1117 3790 erravit.

491 3834 647 3905 'effusum]
673 3833 765 3888 Facile
789 3832 928 3888 assentior
953 3831 1046 3887 eidem
1065 3832 1127 3886 viro
1152 3831 1326 3897 doctissime,
1349 3831 1396 3905 qui
1416 3839 1493 3906 putat

451 3932 549 4005 reponi
569 3932 670 3988 debere
685 3931 795 4002 effusus.
820 3929 934 3984 Banuz.
977 3930 1080 3986 Sedens
1095 3948 1205 4003 quoque
1220 3948 1270 4002 pro
1284 3930 1357 3983 sedet
1372 3930 1491 3985 scriben-

452 4028 519 4082 dum
533 4027 653 4083 videtur.
697 4027 811 4081 Dictum
834 4025 917 4088 istud,
938 4026 972 4081 de
992 4025 1098 4099 Spiritu
1121 4026 1195 4099 quod
1217 4026 1359 4099 praecedit,
1375 4046 1425 4081 non
1445 4045 1492 4081 suo

453 4133 554 4196 sponte,
569 4124 644 4179 haud
666 4123 802 4196 intelligo.
846 4122 976 4178 Proxime
997 4132 1063 4197 post
1085 4123 1217 4179 emendat
1240 4122 1333 4179 locum
1356 4123 1491 4197 Rigaltius

451 4219 573 4292 legendo
589 4221 636 4274 isti
650 4239 701 4294 pro
708 4220 790 4291 justi.

492 4323 500 4350 ³
514 4320 727 4389 contraxerant]
747 4318 811 4373 For.
827 4326 1069 4373 contrucidarunt.

491 4413 569 4466 ⁴tide
594 4415 773 4486 postmodum
802 4416 952 4489 sincerata]
978 4416 1024 4472 Ad
1049 4417 1239 4472 sinceritatem
1265 4416 1391 4473 reducta.
1433 4414 1492 4469 Mel
