3900 5167
528 442 571 509 62
758 444 1010 545 AncHELAI
1036 446 1100 509 ET
1124 446 1345 510 MANETIS

584 623 632 697 X.
664 619 752 717 ssepi
771 616 810 695 δὲ
827 626 891 696 τοῦ
911 620 1151 719 Παροδείσοιι,
1171 618 1235 701 ‘hs
1253 626 1413 699 καλεῖται
1431 618 1572 720 κόσμοι.

528 744 607 823 ἔστι
636 743 674 822 δὲ
705 743 751 822 τὰ
778 743 875 849 φυτὰ
903 742 949 822 τὰ
978 746 1016 822 ἐν
1045 746 1151 851 αὐτῷ,
1175 745 1352 844 ἐπιθυμία,
1380 749 1439 825 καὶ
1467 748 1573 826 ἄλλοι

528 868 670 964 ἀπάται,
685 871 956 975 διαφθείρουσαι
973 867 1056 954 τοὺς·
1074 870 1273 972 λογισμοὺς
1289 877 1362 951 τῶν
1377 874 1573 976 ἀνθρώπων

527 998 676 1075 ἐκεῖνον.
717 996 759 1076 τὸ
787 997 824 1075 δὲ
852 999 889 1075 ἐν
912 998 1130 1105 Παρσδείσῳ
1158 995 1284 1104 φυτὸν,
1303 997 1349 1105 ἐξ
1373 999 1416 1078 οὗ
1442 1002 1571 1102 γνωρί-

527 1120 627 1223 ζουσι
659 1120 701 1199 τὸ
734 1120 857 1217 καλὸν,
890 1120 976 1201 αὐτό
1013 1125 1091 1203 ἐστι
1125 1127 1145 1204 ὁ
1176 1126 1328 1225 Ἰησοῦς,
1361 1128 1406 1225 ’ἦ
1443 1134 1575 1228 γνῶσις

527 1250 645 1344 αὐτοῦ,
662 1248 684 1345 ἡ
702 1249 740 1326 ἐν
758 1254 809 1353 τῷ
830 1247 969 1355 κόσμῳ.
1011 1251 1030 1327 ὀ
1056 1248 1094 1328 δὲ
1120 1248 1328 1349 λαμβάνων,
1348 1252 1519 1354 διακρίνει
1535 1249 1574 1330 τὸ

527 1372 650 1466 καλὸν,
670 1377 728 1450 καὶ
747 1371 788 1451 τὸ
806 1372 973 1474 πονηρόν.
1016 1378 1036 1453 ὁ
1054 1375 1192 1473 μέντοι
1210 1375 1358 1475 κόσμος,
1377 1378 1451 1457 οὐδ’
1472 1375 1575 1461 αὐτός

525 1500 604 1577 ἐστι
622 1506 686 1577 τοῦ
704 1504 810 1595 Θεοῦ,
828 1502 913 1578 ἀλλ’
931 1496 954 1598 ἢ
973 1498 1046 1581 ἀπὸ
1063 1502 1190 1604 μέρους
1208 1507 1271 1601 τῆς
1291 1505 1378 1603 ὕλης
1396 1503 1574 1604 ἐπλάσθη,

526 1624 584 1700 καὶ
612 1623 670 1701 διὰ
697 1631 802 1702 τοῦτο
829 1624 948 1704 πάντα
975 1625 1192 1729 ἀφανίζεται.
1233 1624 1314 1706 ὅδὲ
1332 1626 1524 1727 ἐσύλησαν
1544 1634 1574 1708 oi

520 1746 718 1853 Ἀρχοντει·
746 1751 818 1829 ἀπὸ
846 1760 910 1830 τοῦ
936 1751 1080 1854 πρώτου
1108 1751 1413 1854 ἀνθρὼιιου,αὐτό
1437 1752 1574 1833 ἔστιτὸ

570 1959 615 2021 X.
633 1958 806 2022 Paradisus
821 1959 1024 2044 autem‚equi
1075 1961 1212 2035 mnndo;
1238 1982 1333 2046 quam
1364 1960 1418 2045 qui
1449 1983 1573 2047 aooepe·

525 2053 657 2109 vocatur
672 2045 818 2120 mundus,
835 2052 868 2109 et
883 2045 1023 2120 arbores,
1076 2044 1129 2119 rit,
1145 2046 1296 2110 discernit
1310 2047 1429 2111 bonum
1443 2069 1465 2112 a
1480 2047 1570 2113 mulo.

526 2152 597 2214 quae
623 2130 654 2192 in
678 2129 747 2213 ipso
770 2138 854 2207 sunt,
878 2130 1024 2214 eoncupi—
1076 2131 1219 2196 Mundus
1233 2141 1341 2197 autem
1363 2154 1422 2196 neo
1443 2134 1513 2219 ipse
1528 2141 1574 2198 est

525 2215 653 2279 soentiae
676 2225 759 2292 sunt,
776 2223 810 2279 et
832 2224 956 2279 oaeterae
977 2237 1025 2279 se·
1076 2216 1147 2293 Dei,
1162 2217 1216 2281 sed
1234 2217 1296 2282 hex
1317 2225 1409 2317 parte
1433 2219 1573 2284 materiae

526 2301 689 2365 ductiones
704 2310 940 2385 corrumpentes
956 2301 1021 2364 foo—
1074 2301 1260 2386 plasmatus,
1275 2311 1308 2369 et
1320 2304 1392 2367 ldeo
1402 2305 1509 2367 omnia
1524 2327 1576 2369 ex·

524 2386 696 2471 gitationes
733 2386 904 2450 hominum.
963 2386 1025 2450 Ille
1073 2388 1296 2453 terminantur.
1344 2389 1437 2470 Quod
1467 2397 1578 2455 autem

525 2480 633 2537 autem
648 2472 754 2545 arbor,
767 2495 837 2555 quae
853 2481 902 2537 est
917 2472 949 2535 in
962 2471 1025 2536 Pa-
1073 2474 1170 2537 furati
1183 2481 1258 2537 sunt
1268 2474 1432 2559 Principes
1443 2497 1464 2540 u
1473 2476 1578 2560 primo

524 2557 641 2633 rodino,
672 2580 712 2620 ex
748 2580 811 2640 qua
843 2579 862 2621 a
906 2558 1024 2622 oscitur
1073 2558 1210 2636 homine,
1225 2560 1329 2644 ipsum
1343 2569 1403 2636 ost,
1419 2562 1507 2645 quod
1521 2562 1577 2627 ad-

525 2642 653 2719 bonum,
683 2643 750 2727 ipse
779 2650 828 2707 est
879 2666 959 2720 esus,
990 2650 1024 2708 et
1073 2643 1183 2728 implet
1198 2645 1314 2722 lunum,
1331 2646 1415 2729 quod
1432 2647 1579 2731 quotidie

525 2728 678 2793 ‘scientie
703 2728 794 2806 illius,
821 2751 892 2813 quae
918 2737 967 2793 est
991 2728 1023 2792 in
1075 2737 1274 2814 purgatura
1300 2732 1443 2795 mundo:
1475 2734 1528 2797 iet
1551 2733 1577 2797 si

525 2935 594 2988 ruri.
631 2931 688 2988 Sed
703 2932 833 2988 mutilum
848 2934 923 2989 hunc
937 2932 1030 2989 locum
1046 2951 1108 2989 esse
1121 2941 1201 3007 patet
1216 2952 1251 2989 ex
1266 2932 1436 3010 Epiphanio,
1447 2934 1497 3008 qui
1512 2952 1576 2990 cum

526 3029 622 3087 Casin.
639 3028 703 3085 cod.
720 3030 882 3086 concordat.
925 3030 991 3085 Nisi
1006 3030 1081 3103 quod
1095 3028 1182 3086 habet
1196 3029 1379 3105 Epiphanius,
1394 3031 1443 3085 sed
1456 3032 1576 3087 materia

525 3136 574 3191 est,
590 3128 727 3202 ipsumque
741 3145 838 3201 coipus
852 3126 1003 3182 obscuritas
1018 3133 1067 3184 est.

566 3236 580 3267 θ
602 3222 678 3279 Hine
699 3232 777 3296 petet
798 3224 873 3297 apud
888 3224 1077 3297 Epiphaniam
1099 3222 1156 3298 legi
1177 3222 1280 3279 debere
1298 3223 1325 3281 ὃς
1339 3227 1455 3279 καλεῖται
1468 3228 1574 3296 κόσμοι.

525 3339 583 3376 non
597 3329 701 3386 autem,
716 3323 747 3376 οὗ
761 3325 874 3376 καλεῖται
888 3324 992 3391 κόσμος.

565 3416 696 3475 ¹Codex
724 3419 881 3483 Bobiensis,
907 3419 1102 3493 capitationem.
1145 3418 1319 3493 Epiphanius
1347 3419 1442 3487 habet,
1472 3422 1574 3495 cupitu-

524 3516 609 3572 tiones
623 3516 754 3572 dominum
766 3515 884 3572 illorum.
927 3515 1019 3571 Arbor
1032 3523 1129 3571 autem.
1173 3515 1231 3572 Sed
1250 3515 1350 3571 melior
1364 3516 1476 3573 videtur
1493 3517 1572 3574 latini

524 3614 686 3688 interpretis
699 3612 792 3669 lectio.

565 3722 582 3766 ε
603 3712 703 3768 Codex
724 3710 882 3774 Bobiensis,
897 3717 923 3766 et
944 3711 1056 3765 scientia
1077 3710 1143 3780 o'us.
1185 3709 1369 3783 Epiphanius,
1384 3715 1483 3781 γνῶσις
1509 3729 1570 3786 coq-

524 3810 600 3872 uitio,
615 3810 660 3865 vel
675 3809 760 3866 etiam
773 3809 894 3864 scientia.
938 3807 1014 3863 Hinc
1035 3815 1130 3863 autem
1150 3814 1228 3880 patet
1249 3806 1401 3882 legendum
1422 3826 1484 3865 esse
1499 3809 1573 3883 apud

525 3907 654 3972 eundem,
670 3909 711 3961 καὶ
725 3907 739 3975 ἡ
754 3911 852 3979 γνῶσις
865 3908 953 3961 αὐτοῦ.
975 3905 1080 3979 &usque
1094 3905 1220 3979 copnitio.

564 4000 581 4044 h
603 4003 647 4059 lta
661 4003 734 4077 apud
750 4002 949 4076 Epiphanium,
965 4002 1036 4057 etin
1053 4000 1158 4057 Codice
1174 4000 1317 4057 Bobiensi.
1343 4000 1383 4056 At
1398 3999 1570 4064 Cusinensis¹

524 4121 557 4157 eu
570 4102 691 4156 materia.

565 4198 571 4235 ³
594 4197 693 4253 Codex
708 4197 867 4260 Bobiensis,
882 4206 907 4252 e!
921 4197 946 4252 si
959 4197 1065 4255 exierit.
1081 4197 1246 4270 animumque
1262 4213 1312 4250 non
1332 4197 1486 4270 copnouerit
1500 4197 1570 4251 veri·

524 4303 576 4358 tus,
591 4296 723 4351 trudetur.
767 4292 824 4349 Sed
847 4293 951 4349 codicis
973 4292 1137 4349 Casinensis
1158 4292 1308 4348 lectionem
1330 4293 1424 4348 firmat
1445 4293 1569 4368 Epipha-

525 4411 596 4448 nius.
