3900 5167
596 442 841 506 RESPONSA
865 443 931 504 AD
954 442 1219 506 EPISCOPOS.
1364 438 1430 511 209

378 616 513 686 duobus
536 616 648 685 modis
665 614 906 683 defendimur:
933 615 1018 705 quia
1033 623 1071 683 et
1088 612 1171 683 huic
1190 612 1349 695 coneilio,
1367 614 1429 683 ubi

380 730 449 799 hoc
476 730 742 821 pronuntiatum
772 739 836 809 est,
859 750 928 797 non
956 729 1206 809 consentimus,
1229 728 1326 797 salvo
1348 728 1429 820 jure

380 845 537 925 unitatis,
554 844 646 913 sicut
663 845 738 935 ipse
755 841 950 936 Cyprianus
973 843 1159 934 praedixit3
1183 851 1220 912 et
1237 843 1338 912 bonis
1355 865 1430 913 ma-

381 958 435 1029 los
458 960 493 1028 in
517 958 656 1029 unitate
678 958 864 1032 catholiea
883 958 997 1027 donee
1014 958 1051 1025 in
1068 958 1139 1026 tine
1156 982 1177 1027 a
1193 959 1312 1027 tritico
1330 958 1432 1049 pales

381 1080 573 1164 separetur,
591 1071 680 1141 nihii
698 1072 822 1142 obesse
838 1071 1061 1141 arbitramur.
1115 1068 1180 1139 Isti
1198 1081 1331 1153 autem,
1348 1072 1432 1163 quia

381 1199 419 1255 et
436 1186 505 1255 hoc
521 1186 711 1255 concilium
728 1196 910 1276 tamquam
934 1208 998 1276 pro
1023 1207 1060 1254 se
1086 1185 1282 1276 proferunt,
1297 1193 1335 1254 et
1358 1207 1432 1254 ma-

381 1300 496 1370 lorum
526 1302 776 1369 communione
802 1301 904 1390 quasi
936 1300 1147 1391 contagione
1176 1300 1288 1369 bonos
1317 1300 1432 1389 perire

380 1415 612 1497 contendunt,
630 1437 700 1482 non
718 1415 903 1483 inveniunt
920 1415 1100 1504 quomodo
1118 1416 1248 1495 dicant,
1262 1423 1325 1483 aut
1341 1415 1433 1505 prio-

381 1552 438 1599 res
454 1526 671 1600 Christianos
687 1530 783 1599 unde
802 1530 860 1599 isti
881 1542 1132 1622 propagantur,
1150 1552 1220 1598 non
1238 1529 1346 1598 fuisse
1362 1537 1433 1599 tra·

381 1643 523 1720 ditores,
547 1645 628 1735 quia
657 1645 726 1712 isto
752 1643 903 1713 coneilio
933 1644 1212 1725 convincuntur3
1237 1652 1299 1713 aut
1324 1643 1368 1711 ad
1395 1664 1433 1712 se

382 1780 453 1825 non
483 1759 660 1849 pertinere
683 1758 837 1828 facinora
866 1759 1033 1849 priorum,
1051 1759 1134 1849 quia
1159 1760 1259 1829 nobis
1284 1759 1433 1850 majores

383 1882 520 1942 nostros
537 1872 719 1964 objiciunt.

433 1984 526 2056 Item
557 1986 647 2056 alius
673 1986 805 2057 Lucius
834 2009 856 2056 a
883 1985 1089 2057 Membresa
1117 1988 1229 2059 dixit:
1254 1984 1507 2080 Scatptnmcn.
1521 2002 1561 2052 as.

382 2108 443 2182 eat,
472 2099 571 2171 Dens
594 2090 807 2194 peccatorem
837 2122 908 2171 non
937 2098 1046 2170 ondit.
1099 2098 1171 2188 Qui
1193 2109 1353 2193 peccator
1374 2082 1579 2209 estssffm·

382 2215 550 2308 quomodo
566 2215 688 2286 ondin
704 2218 743 2286 in
760 2214 927 2309 bnptnm'o
941 2214 1085 2309 potest?

435 2329 725 2423 Respondemus:
751 2330 941 2414 Quomodo
958 2331 1104 2400 auditur
1119 2352 1244 2399 avarus
1261 2340 1299 2399 et
1316 2338 1436 2421 raptor

382 2453 422 2515 et
439 2445 629 2516 foeuerator
645 2456 682 2516 et
699 2443 902 2515 homicida?
931 2444 992 2514 An
1020 2445 1078 2514 isti
1093 2453 1175 2513 'non
1202 2452 1285 2515 sunt
1311 2467 1436 2536 pecca-

385 2571 500 2642 tores3
526 2583 614 2652 quos
638 2569 757 2631 tamen
780 2556 976 2652 Cyprianus
999 2559 1033 2628 in
1053 2555 1238 2629 catholica
1261 2559 1434 2654 objurgat,

384 2672 589 2743 attulerat?

436 2788 530 2857 Item
554 2787 643 2856 alius
661 2786 766 2856 Felix
783 2810 805 2857 a
823 2786 1030 2857 Busiacenis
1053 2787 1165 2856 dixit:
1190 2784 1238 2856 In
1263 2783 1558 2869 hoeretiencmq.

384 2902 461 2972 aine
479 2899 645 2995 baptismo
661 2899 828 2972 Eranam
852 2900 1074 2972 admittendis
1100 2921 1197 2970 nemo
1222 2897 1436 2970 conanentdi-

386 3040 462 3087 nem
480 3018 612 3088 rationi
627 3025 659 3087 et
675 3016 814 3087 cantati
826 3025 1033 3111 praeponat:
1059 3017 1142 3110 qnia
1159 3013 1435 3086 consuetudinem

385 3132 478 3202 ratio
494 3141 526 3202 et
542 3132 669 3202 veritas
684 3155 816 3226 semper
833 3129 993 3202 occludit.

437 3246 535 3317 Huic
566 3248 818 3337 respondetur:
858 3245 1061 3317 Veritatem
1092 3268 1163 3315 non
1194 3245 1361 3327 ostendis,
1391 3246 1437 3317 de

386 3362 643 3432 consuetudine
677 3362 865 3431 confiteris.
918 3360 1033 3430 Recte
1066 3360 1177 3453 igitur
1211 3362 1438 3431 consuetudi·

388 3500 469 3547 uem
502 3487 703 3546 teneremus
734 3476 892 3569 plenario
922 3475 1072 3545 concilio
1103 3475 1296 3566 posteriore
1320 3476 1438 3546 firma-

389 3603 473 3674 tam,
492 3593 600 3661 etiam
626 3593 653 3661 si
678 3592 808 3661 veritas
833 3590 949 3660 adhuc
974 3589 1112 3670 lateret,
1130 3609 1235 3680 quarn
1263 3590 1438 3661 credimus

382 3707 457 3796 jam
477 3728 553 3774 esse
570 3705 841 3775 manifestatam.

440 3820 546 3890 Alius
563 3820 776 3892 Saturninus
791 3819 838 3889 ab
853 3819 1010 3888 Abitinis
1028 3817 1139 3887 dixit:
1164 3815 1210 3888 Si
1221 3825 1332 3910 potest
1349 3818 1561 3895 anti-effla.

391 3932 538 4005 atriano
555 3935 639 4005 dare
656 3934 762 4004 alieni
777 3934 928 4030 pretinm
949 3931 1098 4015 Christi,
1110 3941 1256 4025 possunt
1277 3942 1309 4003 et
1332 3931 1439 4004 dcere-

391 4052 453 4120 tici
469 4049 652 4144 baptizare,
671 4051 731 4144 qni
748 4048 910 4144 appellati
926 4058 1007 4118 stant
1024 4045 1231 4118 antichristi.

445 4167 539 4249 Quid
572 4169 598 4237 si
631 4167 720 4236 alius
750 4168 905 4236 diceret:
933 4164 970 4234 Si
1004 4173 1122 4256 potest
1151 4164 1328 4234 homicida
1357 4166 1440 4234 dare

394 4281 498 4351 alicui
517 4283 665 4375 gratiam
684 4278 825 4363 Christi,
843 4290 990 4372 possunt
1008 4288 1045 4349 et
1068 4280 1127 4370 qui
1146 4278 1271 4348 fratres
1289 4278 1440 4349 oderunt
