3900 5167
450 445 493 516 96
675 445 928 509 ARCHELAI
960 442 1023 508 ET
1055 442 1276 508 MANETIS

451 618 517 688 sub
533 639 605 686 una
622 624 800 708 potestate
817 616 972 708 positus;
998 616 1094 686 unde
1106 637 1154 686 ex
1171 616 1270 688 omni
1287 622 1390 706 parts
1404 622 1494 686 tono

452 732 522 803 brae
548 732 741 825 ingenitam
769 739 933 803 naturam
958 730 1091 802 habere
1119 752 1192 801 nou
1211 738 1374 822 possunt.
1427 727 1494 800 An

451 868 618 919 cusanus
643 867 760 930 nrxrr,
792 846 898 918 Dicat
924 846 1012 917 mihi
1043 846 1153 918 etiam
1181 845 1250 918 hoo
1278 845 1326 917 ad
1352 869 1406 927 ea,
1423 867 1495 939 qus

451 965 631 1057 proposita
660 972 754 1035 sunt.
807 962 886 1033 Deo
914 965 950 1033 in
980 985 1090 1057 regno
1119 986 1183 1035 suo
1211 963 1341 1055 posito,
1367 970 1406 1032 et
1429 983 1496 1033 ms·

451 1081 547 1175 ligno
564 1079 728 1151 similiter
745 1081 780 1149 in
799 1102 863 1150 suo
880 1101 1000 1173 regno,
1018 1079 1096 1170 quis
1121 1078 1215 1150 inter
1234 1078 1397 1150 medium
1414 1078 1498 1171 ipso

451 1221 529 1267 rum
557 1196 794 1269 construxerit
821 1193 988 1266 murum?
1034 1195 1118 1266 Non
1146 1195 1241 1265 enim
1267 1202 1390 1286 potest
1418 1194 1499 1265 diri·

451 1315 535 1386 dere
552 1315 636 1407 quid
654 1314 743 1383 duas
768 1312 994 1394 substantias,
1012 1311 1079 1382 nisi
1101 1311 1197 1403 quod
1223 1311 1270 1382 sit
1295 1310 1500 1402 ”utriusque

451 1432 573 1523 majus,
608 1432 701 1501 siout
735 1426 840 1499 ¹diait
873 1428 910 1498 in
942 1426 1094 1499 Genesis
1123 1426 1223 1507 libro,
1249 1428 1334 1519 quia
1366 1423 1502 1500 'divisit

452 1544 550 1616 Deae
576 1545 667 1615 inter
691 1542 808 1628 lucem,
826 1552 858 1615 et
881 1541 1044 1615 unedone.
1095 1542 1218 1614 Talem
1244 1565 1322 1615 esse
1348 1543 1502 1637 aliquem

452 1682 595 1731 necesse
612 1671 667 1730 est
684 1669 721 1730 et
745 1659 837 1729 muri
863 1660 966 1730 istius
987 1660 1249 1740 instructorem,
1267 1681 1392 1730 murus
1407 1659 1501 1729 enim

452 1777 621 1846 terminos
647 1775 923 1868 uniuscujusque
947 1775 1176 1856 demonstrat,
1194 1775 1288 1846 deut
1313 1775 1409 1846 iuter
1432 1796 1500 1856 sos,

454 1894 513 1986 qui
537 1915 618 1963 rura
637 1892 809 1974 incolunt,
828 1891 916 1984 lapis
941 1891 1034 1963 solet
1059 1892 1258 1983 portionem
1283 1891 1502 1986 uniuscujus-

454 2032 523 2102 que
540 2008 718 2090 dividere;
745 2031 826 2100 quae
843 2017 964 2078 tamen
983 2029 1038 2078 res
1056 2009 1168 2101 magis
1189 2005 1412 2079 intellectum
1432 2008 1500 2089 dat.

453 2125 593 2218 quando
610 2123 856 2216 hujuscemodi
882 2124 1006 2194 divisio
1032 2124 1193 2194 fraternae
1216 2124 1334 2216 potius
1359 2123 1502 2195 heredi·

453 2242 538 2312 tatis
565 2244 612 2312 sit
642 2242 742 2311 ratio.
793 2238 929 2312 Verum
958 2263 1053 2311 nuno
1078 2263 1149 2310 non
1177 2249 1232 2312 est
1259 2238 1347 2310 mihi
1378 2241 1422 2312 de
1450 2239 1501 2310 his

454 2361 655 2444 dicendum,
673 2381 876 2452 quanquam
893 2360 1128 2430 necessarium
1146 2359 1328 2442 videatur;
1354 2381 1438 2429 uam
1462 2356 1502 2428 il·

454 2478 516 2548 lud
542 2484 606 2558 est,
624 2476 719 2568 quod
744 2477 909 2568 petimus,
927 2476 1006 2566 quis
1029 2483 1095 2558 est,
1114 2476 1175 2567 qui
1201 2476 1403 2545 extruxerit
1426 2496 1502 2545 mu·

455 2615 531 2663 rum
550 2592 594 2662 ad
612 2590 866 2684 designandum
880 2591 1156 2682 uniuscujusque
1168 2590 1362 2660 terminum
1380 2588 1501 2685 regni?

456 2706 538 2776 Non
573 2707 734 2790 dixerat;
760 2706 842 2777 uolo
873 2715 1032 2777 moretur
1060 2706 1119 2777 hio
1149 2705 1312 2799 perfidus,
1340 2706 1403 2776 sed
1426 2707 1443 2798 j

454 2822 667 2892 confiteatur
685 2822 864 2893 dualitatis
882 2845 956 2893 suae
973 2822 1010 2892 in
1028 2844 1137 2892 unum
1158 2822 1311 2893 refusam
1329 2844 1407 2893 esse
1422 2822 1503 2893 sub-

457 2939 636 3008 stantiam.
689 2936 796 3008 Dioat
814 2960 1027 3030 quenquam,
1045 2938 1105 3029 qui
1131 2938 1288 3008 medium
1305 2939 1503 3008 extruxerit

456 3052 621 3123 murum?
649 3053 745 3136 Quid
769 3054 896 3148 agebat
914 3052 1016 3136 alter,
1034 3052 1145 3123 altero
1163 3052 1385 3123 instmente?
1411 3051 1503 3124 Dor·

456 3170 599 3253 miebat,
625 3183 688 3239 sut
711 3168 905 3263 ignorabat,
930 3179 993 3239 ant
1017 3170 1178 3239 resistere
1200 3192 1271 3239 uon
1296 3169 1420 3254 valuit,
1442 3181 1504 3241 aut

458 3287 572 3376 pretio
589 3285 786 3356 consessit?
815 3284 883 3353 Dio
900 3285 986 3377 quid
1007 3284 1168 3367 faciebat,
1187 3284 1243 3355 vel
1260 3286 1340 3377 quis
1357 3294 1413 3356 est
1430 3310 1503 3357 om·

456 3402 552 3483 nino,
566 3403 627 3493 qni
642 3399 826 3472 extruxit?
853 3400 929 3471 Vos
943 3401 1121 3492 deprecor,
1135 3399 1159 3470 J
1162 3401 1291 3484 udices,
1303 3424 1391 3493 quos
1407 3402 1503 3475 Deus

458 3517 661 3608 plenissime
687 3516 839 3608 repletos
865 3516 1050 3588 intellectu
1076 3518 1171 3587 misit
1197 3517 1307 3600 nobis,
1322 3518 1502 3609 judicate;

458 3634 536 3724 quis
553 3655 598 3704 ex
616 3632 753 3702 duobus
771 3635 980 3714 extruxerit,
998 3634 1138 3725 etquid
1156 3635 1284 3727 agebat
1302 3657 1405 3719 unus,
1423 3658 1503 3706 eum

457 3748 548 3819 alter
565 3757 784 3818 extruxerat.

510 3862 663 3934 XXIV.
689 3862 846 3935 Junrcss
870 3884 1073 3947 nrxnnunr,
1091 3866 1159 3937 Dio
1185 3867 1294 3949 uobis,
1317 3891 1338 3937 o
1365 3864 1502 3949 Manes.

458 3980 536 4069 quis
553 3980 788 4072 designaverit
813 3981 901 4050 fines
927 3980 1112 4070 utriusque
1138 3980 1245 4073 regni,
1264 3980 1342 4071 quis
1363 4002 1502 4051 murum

686 4217 701 4247 ¹¹
713 4206 747 4261 In
762 4206 858 4263 codice
870 4205 1026 4271 casinensi,
1040 4215 1172 4281 utrunque
1186 4207 1281 4280 majas.

632 4344 638 4367 ¹
656 4335 734 4407 (For.
749 4336 874 4409 dicitur.)
1119 4343 1128 4367 ¹
1144 4336 1248 4398 Genes.
1263 4337 1279 4394 i.
1295 4357 1324 4410 4.
