3900 5167
453 427 519 490 838
594 424 900 490 TESTIMONIA
925 426 990 490 DE
1012 426 1372 492 AUCTORITATE

452 599 504 669 καὶ
521 599 596 695 περὶ
612 607 672 681 τῆς
687 596 906 683 διδασκαλίας,
919 600 959 675 ὡς
974 596 1067 695 παρά
1079 605 1147 671 τῶν
1159 602 1338 673 αὐτοπτῶν
1348 610 1406 685 τῆς
1421 599 1488 701 ζοῖςς

451 720 513 784 τοῦ
529 715 643 807 Λόγον
658 714 872 811 παριιληφὸς
888 715 907 784 ὁ
926 712 1152 810 Πολῦκαρπος
1172 716 1377 810 άπῆγγελλε
1392 716 1489 788 πάντα

453 829 611 926 σύμφωνα
624 839 698 906 ταῖς
710 834 871 926 γραφαῖς.
892 827 1053 923 Epistola
1065 829 1114 901 od
1120 829 1313 903 Flos-ioum
1325 834 1419 927 apud
1429 832 1490 903 Eu-

452 944 589 1017 sebium
605 942 703 1016 Hiat.
720 943 816 1016 Eool.
834 967 867 1014 v.
882 950 941 1015 20.
958 969 993 1038 p.
1008 943 1091 1019 360.
1109 948 1196 1019 edit.
1214 948 1384 1019 Burtoni.

676 1144 713 1213 S.
730 1142 969 1216 Tnnonnnus
991 1143 1276 1218 Aunocnnuus.

500 1329 602 1345 --
618 1291 692 1362 ὅθεν
709 1289 915 1363 διδάσκουσιν
928 1295 1010 1376 ἡμᾶς
1027 1295 1063 1362 αι’
1076 1291 1171 1386 ἅγιαι
1189 1294 1339 1391 γραφαὶ,
1353 1295 1406 1365 καὶ
1423 1291 1492 1364 τάν·

450 1435 504 1481 τες
521 1408 554 1476 οἱ
569 1408 852 1503 πνενματοφάροι,
870 1405 909 1500 ἐξ
928 1407 971 1477 ὧν
988 1404 1134 1491 Ἰωάννης
1149 1408 1257 1501 λέγει,
1274 1408 1340 1480 Ἐν
1356 1410 1441 1505 άρχῇ
1461 1408 1491 1491 ἦν

450 1517 617 1613 ὁΛάγος,
642 1520 694 1590 καὶ
721 1522 739 1589 ὁ
759 1519 878 1613 Λόγος
904 1522 941 1602 ἦν
963 1518 1047 1617 πρὸς
1073 1519 1134 1593 τάν
1152 1522 1247 1593 θεόν.
1273 1524 1341 1595 Ad
1354 1522 1491 1619 Autoly-

451 1659 537 1719 cum,
553 1636 614 1707 lib.
628 1638 664 1708 ii.
683 1659 757 1728 cap.
772 1642 831 1707 22.
849 1636 934 1706 edit.
952 1635 1177 1708 Benedictis.

493 1750 575 1822 Ἔτι
597 1750 659 1833 μὴν
679 1750 732 1821 καὶ
753 1750 828 1845 περὶ
852 1748 1059 1833 δικαιοσύνης,
1076 1747 1145 1833 iisd
1167 1752 1266 1834 νόμος
1282 1753 1415 1848 εἴρηκεν,
1427 1753 1493 1823 ι’νςά·

450 1870 555 1937 λουθα
566 1867 766 1962 εὑρίσκονται
777 1866 829 1936 καὶ
840 1864 885 1935 τά
895 1871 961 1937 τῶν
967 1871 1162 1963 προφητῶν,
1168 1865 1220 1937 καὶ
1229 1871 1296 1937 τῶν
1302 1869 1492 1962 εὐαγγελίων

451 1983 547 2079 ἔχειν,
553 1978 605 2052 διά
615 1979 659 2052 τὸ
668 1981 744 2057 τοὺς
754 1978 881 2059 πάντας
891 1981 1183 2079 πνινματοφάρους
1193 1981 1235 2052 ἑνὶ
1249 1985 1411 2066 πνεύματι
1418 1984 1494 2054 θεοῦ

451 2096 675 2177 λιλαληκέιαι.
699 2095 764 2166 Ad
777 2094 988 2191 Autolycum
1010 2120 1086 2189 oap.
1102 2102 1161 2167 12.
1185 2096 1265 2168 libri
1283 2097 1333 2167 iii.
1353 2121 1427 2191 oap.
1440 2102 1492 2167 14.

453 2210 594 2282 Deinde
623 2210 818 2282 afferuntur
844 2234 891 2281 ex
919 2211 957 2283 S.
976 2210 1154 2283 Matthaeo
1182 2212 1291 2282 verba
1319 2215 1492 2305 quaedam3

452 2335 531 2397 tum
550 2348 632 2397 vero
649 2328 809 2417 sequitur
824 2327 930 2410 istud,
947 2326 1000 2396 ἔτι
1017 2326 1079 2407 μὴν
1095 2325 1147 2395 καὶ
1171 2326 1246 2421 περὶ
1270 2333 1333 2397 τοῦ
1355 2322 1494 2397 ι’νσοτάσ-

452 2443 571 2510 σεσθαι
602 2440 721 2535 άρχαῑς
746 2438 798 2508 καὶ
824 2436 994 2533 ἐξουσίαις,
1015 2440 1068 2510 καὶ
1099 2441 1252 2536 εὔχεσθαι
1281 2439 1363 2537 ὑπὲρ
1389 2444 1493 2521 αὐτῶν,

453 2550 569 2619 κελεύει
595 2552 676 2631 ἡμᾶς
705 2550 724 2618 ὁ
756 2548 851 2625 Θιῖος
873 2549 990 2642 λόγος,
1018 2549 1106 2626 ὅπως
1134 2554 1253 2645 ἤρεμον
1280 2550 1333 2621 καὶ
1369 2551 1493 2645 ἦσάχιον

453 2664 528 2750 βίον
547 2660 716 2756 διάγωμεν,
735 2666 843 2756 (quod
862 2665 1028 2757 praecepit
1048 2664 1083 2735 S.
1099 2664 1242 2749 Paulus,
1261 2672 1280 2735 l
1298 2663 1333 2737 Τ
1329 2668 1389 2737 im.
1403 2667 1437 2736 ii.
1448 2667 1492 2756 2.)

758 3017 970 3086 Iuennnus
997 3016 1201 3085 Scnffnon

665 3178 722 3246 Dn
748 3178 908 3249 Cnuoun
935 3179 972 3249 S.
991 3178 1291 3249 Scn1nnunanuu.

505 3327 555 3395 Et
570 3326 649 3395 ideo
664 3325 747 3395 licet
758 3329 853 3396 varia
866 3325 1012 3419 singulis
1023 3326 1288 3418 evangeliorum
1302 3324 1401 3396 libris
1412 3326 1495 3417 prin-

455 3443 545 3534 cipia
563 3442 766 3524 doceantur,
785 3441 872 3509 nihil
892 3451 1012 3510 tamen
1030 3439 1147 3509 differt
1165 3440 1389 3509 credentium
1406 3441 1494 3517 fides,

455 3580 536 3625 cum
556 3580 625 3625 uno
643 3580 683 3625 ao
701 3556 884 3647 principali
898 3556 1033 3647 Spiritu
1052 3555 1229 3624 declarata
1248 3555 1317 3623 sint
1337 3556 1372 3623 in
1391 3554 1496 3622 omni-

456 3673 520 3741 bus
547 3672 665 3741 omnia
694 3673 738 3740 de
768 3672 964 3752 nativitate,
992 3672 1036 3739 do
1061 3670 1230 3760 passione,
1258 3668 1303 3737 de
1331 3689 1497 3737 resurrec-

455 3790 562 3868 tione,
589 3788 634 3855 de
661 3787 925 3856 conversatione
945 3783 1039 3878 (sor.
1065 3782 1209 3853 oddotd.
1234 3781 1398 3869 Domini)
1421 3803 1497 3852 oum

455 3902 632 3994 discipulis
656 3903 736 3983 suis,
755 3902 854 3971 etde
871 3901 1013 3993 gemino
1035 3902 1110 3991 ojus
1131 3900 1308 3979 advenam
1336 3898 1448 3988 primo
1465 3896 1498 3963 in

455 4018 656 4088 hnmilitate
683 4019 878 4109 despectus,
901 4017 994 4106 quod
1023 4015 1141 4085 fore...
1170 4011 1265 4106 (sor.
1284 4013 1498 4104 despectum,

456 4132 507 4202 uel
527 4133 720 4224 despectui,
739 4133 831 4222 quod
857 4132 972 4220 foret),
992 4130 1183 4199 secundum
1212 4127 1306 4221 (sor.
1333 4126 1499 4214 secundo)

456 4257 630 4338 potestate
657 4248 763 4339 regali
783 4246 986 4338 praclarum
1006 4245 1211 4337 (praeclaro),
1230 4246 1324 4335 quod
1344 4245 1498 4313 futurum

456 4374 518 4433 est.
547 4362 656 4455 Apud
674 4363 855 4455 Reliquias
873 4361 972 4435 Suco.
994 4362 1059 4430 vol.
1076 4362 1103 4441 Ι.
1121 4384 1155 4451 p.
1172 4365 1257 4436 394.
