3900 5167
824 460 1136 526 DISPUTATIO.
1461 466 1505 531 87

453 634 584 716 anima,
601 656 680 726 quse
696 634 772 704 sine
788 656 827 705 se
843 634 1033 706 subsistere
1055 658 1127 705 non
1145 645 1312 728 possunt;
1337 660 1444 730 quare
1461 662 1504 709 ea

453 749 599 820 inimica
627 749 770 820 sibimet
799 751 894 821 dices
922 759 959 821 et
987 752 1183 822 contraria?
1228 750 1384 825 Videtur
1408 756 1503 824 enim

453 869 544 940 mihi
568 867 744 940 Dominus
770 877 891 941 noster
906 869 1013 942 Jesus
1035 870 1197 942 Christus
1223 872 1269 942 de
1294 872 1348 942 his
1374 873 1503 945 dixisse

451 1006 521 1076 per
542 984 734 1077 parabolas,
759 983 885 1057 'Nemo
909 994 1021 1080 potest
1048 986 1166 1057 vinum
1193 1008 1315 1057 nouam
1346 987 1383 1057 in
1410 998 1503 1059 utres

453 1110 580 1172 veteres
610 1101 753 1184 mittere,
780 1100 936 1196 alioquin
964 1111 1169 1196 rumpentur
1194 1111 1297 1185 utres,
1325 1111 1357 1173 et
1385 1103 1502 1175 vinum

454 1212 657 1312 ffmdetur.
709 1217 780 1288 Sed
799 1219 919 1288 vinum
946 1240 1076 1288 novum
1102 1219 1139 1288 in
1164 1231 1263 1289 utres
1287 1241 1396 1290 novos
1420 1222 1504 1291 mit·

452 1330 604 1402 tendum
634 1341 709 1416 est;
740 1334 904 1424 quoniam
935 1334 1078 1425 quidem
1113 1333 1209 1404 idem
1239 1335 1414 1406 Dominus
1448 1346 1502 1407 est

454 1447 554 1531 utris,
580 1458 618 1519 et
641 1449 735 1532 vini;
761 1472 841 1520 nam
872 1451 938 1519 etsi
968 1451 1106 1521 diversa
1132 1452 1329 1521 substantia
1358 1453 1414 1533 sit,
1442 1454 1501 1524 sed

455 1563 707 1647 dominatione,
725 1574 763 1634 et
786 1564 1017 1636 observantiae
1041 1588 1107 1635 usu
1133 1588 1179 1636 ex
1202 1565 1257 1636 his
1279 1567 1415 1638 duabus
1432 1592 1503 1641 una

453 1700 604 1770 persona
620 1679 788 1749 subsistit.
842 1678 927 1751 Non
948 1682 1042 1750 enim
1069 1682 1222 1752 animam
1249 1681 1397 1753 dicimus
1421 1685 1503 1755 sub·

453 1794 597 1864 stautiae
624 1796 728 1866 unius
754 1817 830 1865 esse
851 1819 934 1866 cum
960 1818 1115 1889 corpore,
1133 1798 1192 1867 sed
1219 1797 1349 1869 babere
1375 1822 1502 1869 unum·

454 1910 622 2003 quodque
650 1910 858 2003 qualitatem
889 1934 1010 1995 suam;
1046 1922 1083 1983 et
1113 1922 1281 2005 tanquam
1316 1915 1360 1984 ad
1390 1937 1501 1985 unum

452 2048 576 2118 genus,
593 2035 700 2120 atque
716 2050 820 2098 unam
840 2028 993 2120 speciem
1011 2028 1207 2113 hominum,
1221 2037 1310 2110 uter,
1324 2051 1365 2098 ac
1379 2028 1501 2100 vinum

454 2152 687 2232 comparatur,
704 2143 756 2213 ita
779 2143 825 2214 ab
849 2166 920 2212 uno
938 2143 1018 2213 Deo
1043 2142 1221 2214 hominem
1250 2144 1384 2214 editum
1411 2143 1501 2213 ratio

453 2259 593 2351 expetit
628 2260 804 2331 veritatis:
829 2260 962 2353 gaudet
996 2260 1089 2330 enim
1126 2261 1243 2330 anima
1277 2283 1432 2352 corpore,
1463 2268 1501 2330 et

453 2374 582 2468 diligit,
599 2384 638 2445 et
653 2375 739 2446 colit
759 2375 859 2458 illud,
877 2375 1104 2445 nihilominus
1130 2376 1238 2447 etiam
1264 2400 1391 2467 corpus
1415 2401 1501 2470 gau-

452 2490 514 2560 det
532 2489 577 2560 ab
594 2490 714 2561 anima
728 2513 766 2561 ss
783 2491 1010 2561 vivificatum.
1063 2491 1167 2574 Quod
1191 2494 1220 2561 si
1242 2492 1388 2585 maligni
1412 2515 1501 2585 opus

452 2605 549 2676 dicat
579 2627 655 2677 esse
684 2607 762 2699 quis
790 2629 927 2698 corpus,
954 2629 1036 2676 cum
1062 2607 1109 2677 sit
1136 2615 1175 2677 et
1200 2607 1437 2701 corruptibile,
1458 2631 1500 2679 ac

452 2731 775 2824 vetustum‚stque
804 2725 1044 2805 deterrimum,
1070 2745 1141 2793 non
1170 2732 1289 2816 potest
1313 2724 1404 2794 ferre
1431 2726 1501 2816 spi·

451 2840 541 2910 ritus
571 2840 751 2925 virtutem,
780 2863 846 2911 nec
878 2841 1005 2910 animae
1038 2842 1323 2923 commotionem,
1353 2849 1390 2910 ct
1424 2843 1500 2932 ejus

450 2955 768 3048 splendidissimam
798 2965 1008 3027 creaturam.
1063 2956 1184 3027 'Sicut
1213 2958 1308 3026 enim
1342 2958 1370 3025 si
1404 2979 1501 3027 assu-

450 3081 615 3143 mentum
643 3074 750 3166 panni
775 3073 873 3144 rudis
897 3082 1015 3143 assuat
1041 3074 1119 3166 quis
1142 3073 1355 3143 vestimento
1377 3074 1498 3156 veteri,

450 3190 565 3282 major
588 3190 735 3260 scissura
755 3189 806 3272 fit,
824 3191 876 3260 ita
901 3191 1009 3260 etiam
1033 3212 1168 3282 corpus,
1185 3191 1214 3260 si
1238 3189 1498 3282 praeclarissimo

451 3306 560 3399 operi,
577 3306 701 3375 animae
724 3306 941 3375 adsociatum
965 3304 1083 3388 fuerit,
1104 3307 1276 3376 interiret.
1327 3305 1499 3376 Similiter

451 3431 489 3492 et
509 3421 635 3514 siquis
655 3421 783 3491 inferat
805 3420 955 3491 lucernae
982 3419 1103 3489 lumen
1127 3420 1164 3489 in
1191 3420 1308 3490 locum
1335 3421 1499 3491 tenebro-

451 3559 542 3620 sum,
565 3537 734 3630 sugantur
758 3538 926 3607 continuo
951 3536 1116 3615 tenebrae,
1137 3558 1203 3605 nec
1228 3546 1420 3627 apparent;
1446 3537 1498 3606 ita

451 3653 721 3747 intelligendum
752 3663 815 3735 est
846 3654 965 3723 anima
992 3652 1126 3743 corpori
1159 3653 1299 3736 inserta,
1330 3652 1498 3722 continuo

450 3770 615 3840 tenebras
632 3768 812 3863 effugatas,
831 3779 869 3839 et
891 3792 999 3840 unam
1019 3770 1095 3860 jam
1116 3768 1279 3838 effectam
1297 3790 1373 3838 esse
1395 3778 1498 3838 natu-

452 3895 662 3978 sumatque
679 3908 791 3955 unum
812 3886 993 3955 hominem
1011 3885 1048 3953 in
1065 3907 1172 3954 unam
1196 3885 1348 3976 speciem
1366 3886 1497 3954 consti·

452 4010 582 4081 tutum,
605 4010 643 4070 et
671 4002 721 4070 ita
747 4002 934 4071 conveniet
958 4009 1193 4070 consonanter
1217 4000 1338 4067 vinum
1365 4019 1496 4067 novum

454 4139 526 4187 esse
550 4119 695 4187 missum
723 4118 760 4187 in
787 4127 883 4187 utres
913 4140 1032 4195 novos,
1056 4126 1092 4186 et
1120 4124 1361 4185 assumentum
1390 4116 1496 4205 panni

456 4236 545 4306 rudis
568 4245 726 4305 assutum
753 4258 823 4304 non
849 4257 923 4304 esse
947 4234 1056 4303 veteri
1080 4233 1302 4302 vestimento.
1355 4230 1425 4299 Sed
1450 4254 1496 4300 ex

612 4414 619 4437 ¹
636 4408 740 4465 Mattb.
755 4409 794 4465 ix.
814 4426 858 4483 17.
1055 4407 1185 4464 ’Mattb
1201 4406 1268 4463 ibid.
1292 4405 1332 4461 16.
