3900 5167
832 470 1145 536 DISPUTATIO.
1446 474 1509 537 153

459 643 578 712 minus
593 639 698 713 Jesus
715 643 877 714 Christus
893 644 1025 727 dicens,
1044 642 1233 739 'Numquid
1240 646 1384 738 potestis
1400 642 1509 739 ‘filios

459 758 580 851 sponsi
593 755 718 852 facere
730 757 904 850 jeyisnore,
922 758 1028 830 donec
1053 783 1129 830 mem
1150 760 1239 853 ipsis
1259 769 1308 830 est
1333 763 1509 853 sporum?

461 873 534 944 Sed
562 875 866 945 circumcisionem
898 898 969 945 non
1004 876 1143 967 abjecit,
1171 877 1255 967 quin
1286 878 1404 968 potins
1432 878 1508 969 ipsa

459 1011 523 1080 pro
541 990 643 1059 nobis
665 990 701 1058 in
724 992 945 1082 semitipsum
971 1013 1112 1061 causam
1131 990 1405 1060 circumcisionis
1422 999 1509 1061 tex·

460 1105 567 1196 cepit,
584 1103 704 1175 labore
721 1128 786 1174 uos
802 1103 970 1187 relevans,
988 1114 1027 1174 et
1043 1107 1118 1198 pati
1143 1127 1207 1174 nos
1232 1105 1361 1174 frustm
1377 1104 1509 1175 doloris

459 1218 593 1311 aliquid
619 1242 691 1288 non
715 1219 844 1289 sinens.
895 1218 991 1301 Quid
1026 1220 1121 1288 eninr
1155 1220 1298 1310 prodest
1325 1220 1509 1289 circumci-

460 1334 559 1403 denti
585 1355 623 1404 se
649 1334 803 1424 quidem,
825 1341 863 1403 et
887 1334 1054 1405 adversus
1079 1334 1281 1425 proximum
1302 1356 1405 1403 suurn
1430 1356 1507 1424 pea-

459 1450 549 1519 sima
565 1448 762 1541 cogitanti?
785 1447 914 1519 Voluit
930 1458 1053 1519 autem
1069 1449 1181 1542 magis
1199 1432 1400 1543 largissimae
1419 1444 1508 1518 hviae

459 1564 574 1655 spatia
600 1563 852 1656 compendioso
877 1564 980 1635 nobis
1005 1563 1148 1633 tramite
1183 1564 1433 1645 demonstrare,
1461 1586 1508 1633 na

460 1679 561 1761 forta,
587 1702 670 1749 cum
700 1677 806 1772 longa
829 1679 942 1771 spatia
964 1679 1163 1759 circuimus,
1190 1686 1274 1747 ante
1302 1678 1403 1760 nobis
1431 1679 1507 1747 dies

460 1796 648 1867 claudatur
662 1798 700 1867 in
717 1806 882 1880 noctem
906 1805 946 1868 et
962 1797 1049 1866 dum
1067 1796 1213 1866 'deforis
1230 1797 1372 1887 quidem
1391 1795 1509 1887 splen-

460 1913 534 1983 didi
558 1911 762 1983 hominibus
784 1933 1004 2004 apparemus,
1022 1913 1232 1981 intrinsecus
1257 1911 1349 2004 lupis
1374 1913 1509 2003 rapaci-2

460 2026 526 2097 bus
550 2035 805 2119 comparemur,
822 2036 885 2097 aut
902 2025 1095 2118 sepulchris
1119 2025 1342 2095 conferamur
1364 2008 1509 2097 dealba-

461 2141 516 2211 tis.
553 2136 692 2212 iMulto
709 2142 804 2213 enim
821 2141 883 2212 ille
895 2142 979 2211 huic
996 2140 1231 2232 praeferendus
1248 2148 1312 2221 est,
1330 2140 1391 2231 qui
1409 2149 1508 2211 vesta

461 2254 629 2348 squalida,
646 2279 688 2326 ac
711 2257 842 2327 detrita
864 2257 1099 2337 circundatus,
1117 2255 1206 2326 nihil
1229 2256 1312 2325 mali
1339 2257 1376 2325 in
1401 2257 1508 2326 corde

460 2392 522 2441 suo
553 2370 759 2441 conclusum
790 2373 922 2441 retinet
955 2373 1122 2442 adversm
1156 2371 1355 2461 proximum
1391 2392 1508 2439 suum.

459 2481 609 2557 kCordis
624 2492 718 2559 enim
737 2487 956 2558 circumcisio
973 2486 1049 2557 sola
1065 2485 1216 2556 salutem
1234 2486 1392 2568 confert;
1417 2485 1508 2556 nihil

457 2612 608 2695 praestat
623 2605 674 2675 eis
691 2606 758 2675 ista
777 2602 936 2685 canalis,
953 2602 1021 2672 nisi
1045 2602 1136 2670 forte
1161 2601 1332 2691 spirituali
1357 2603 1510 2672 circum-

455 2719 592 2790 cisione
609 2720 820 2790 muniantur.
864 2715 961 2787 Audi
979 2717 1086 2786 etiam
1105 2716 1189 2807 quid
1209 2716 1295 2785 dicit
1313 2716 1506 2807 Scriptura,

452 2832 582 2905 ³Beao·
598 2833 725 2905 mundo
741 2832 852 2915 eorde,
870 2832 953 2927 quia
970 2831 1040 2926 ipsi
1056 2828 1170 2901 Deum
1188 2828 1355 2901 videbant.
1408 2832 1504 2915 Quid

451 2972 542 3043 ergo
559 2948 647 3019 mihi
670 2972 759 3041 opus
783 2957 838 3018 est
863 2947 1033 3031 laborare,
1052 2969 1133 3016 cum
1151 2947 1376 3039 separaverim
1394 2941 1505 3016 'com-

448 3072 587 3167 pendia
604 3072 682 3151 viae,
700 3071 729 3142 si
752 3092 895 3163 possum
911 3070 1065 3139 mundus
1085 3090 1162 3138 esse
1178 3068 1294 3149 corde,
1311 3069 1403 3139 sicut
1420 3077 1458 3139 et
1475 3071 1506 3141 si

449 3189 536 3281 quis
562 3185 748 3278 praevaleat
775 3186 812 3255 in
837 3185 994 3254 ⁴duobus
1022 3183 1198 3254 mandatis
1221 3205 1363 3252 omnem
1388 3182 1504 3278 legem

495 3374 557 3433 sln
571 3393 666 3451 graeco
681 3384 725 3431 est
737 3377 788 3430 vici
798 3377 943 3447 νυμφῶνος,
948 3373 1008 3449 filii
1019 3372 1132 3428 thalami
1143 3373 1287 3447 sponsalis,
1302 3392 1361 3437 seu,
1373 3381 1405 3431 ut
1418 3374 1504 3431 vertit

448 3469 594 3545 Vulgata,
602 3468 661 3544 filii
674 3470 840 3544 nuptiarum,
856 3487 918 3543 quae
934 3467 1066 3525 meliores
1080 3475 1147 3523 sunt
1160 3467 1245 3541 hujus
1258 3468 1315 3525 loci
1324 3469 1478 3526 versiones.

495 3576 514 3622 8
528 3566 628 3623 Codex
642 3565 801 3631 Bobiensis,
815 3566 943 3640 suscepit.
977 3565 1056 3637 (For.
1072 3563 1288 3638 recipiendum.)

495 3660 513 3704 Β
535 3663 635 3720 Codex
657 3661 814 3726 Bobiensis,
835 3661 886 3717 uic
904 3660 1117 3735 compendiosum
1138 3660 1216 3716 nodia
1236 3660 1373 3716 tramitem
1396 3661 1501 3717 mman-

446 3770 557 3817 strare.

497 3853 505 3897 i
520 3854 601 3912 Idem
614 3853 715 3918 codex,
729 3853 841 3910 multum
854 3853 933 3909 euim.
967 3851 1046 3925 (For.
1061 3851 1105 3907 tte
1118 3870 1171 3925 pro
1185 3851 1246 3907 iaie
1260 3851 1462 3922 scribendum.)

497 3949 514 3992 ¹¹
528 3951 609 4008 ldem
623 3950 722 4013 codex.
737 3950 827 4006 cordia
839 3968 913 4024 erpa
938 3948 977 4004 Et
990 3966 1068 4010 mox,
1081 3946 1151 4002 nihil
1158 3955 1307 4021 praetante
1320 3948 1434 4004 carnali.
1464 3948 1502 4004 Et

452 4047 538 4113 infra,
552 4049 696 4104 muniatur.

498 4142 506 4185 ¹
521 4145 600 4201 Idem
615 4143 715 4205 codex,
730 4142 911 4217 compendium
925 4142 984 4197 uiae.

489 4279 598 4337 ¹Marc.
614 4280 642 4336 ii.
658 4298 702 4353 19.
785 4283 793 4305 ¹
809 4278 883 4335 Mat.
899 4277 976 4334 xxiii.
994 4293 1041 4353 27.
1058 4286 1087 4335 et
1099 4278 1147 4334 vii.
1165 4292 1211 4350 15.
1292 4274 1388 4332 ³1bid.
1404 4294 1431 4331 v.
1449 4276 1475 4333 8.

857 4383 867 4410 ⁴
881 4373 952 4429 Mat.
967 4374 1037 4430 xxii.
1054 4392 1103 4446 40.

544 4490 612 4533 von.
628 4491 659 4531 v.
989 4488 1013 4529 x
