3900 5167
448 450 513 517 106
671 448 924 517 ARCHELAI
957 450 1022 514 ET
1053 447 1274 514 MANETIS

393 604 397 612 '
448 627 547 697 aean
564 628 623 706 en,
642 636 679 697 et
696 627 904 697 nomrnurm
928 623 1084 719 auguros
1104 643 1313 704 convocans,
1330 618 1492 712 presepe

449 742 499 812 eis
516 763 653 812 servare
671 742 923 821 haereditatem,
941 749 980 810 st
1000 738 1187 819 custodire,
1203 757 1246 807 ac
1269 754 1395 828 regere
1415 731 1494 802 snb·

448 858 626 950 strandum,
643 858 735 928 sicut
760 864 997 949 susceperant,
1014 863 1052 925 et
1073 852 1204 946 perfrui
1229 849 1333 922 bonis
1349 858 1390 920 et
1405 848 1492 919 fruo-

450 971 555 1054 tibus,
573 974 638 1064 ipsi
656 973 788 1043 domini
807 973 1034 1064 hoeredoeque
1057 968 1227 1041 derelicti.
1278 965 1320 1036 Si
1337 965 1493 1057 quivero

450 1109 495 1157 err
512 1088 586 1181 agri
603 1086 709 1180 huJus
721 1089 894 1159 fructibus
910 1087 1091 1180 percipere
1108 1092 1259 1180 rogaret,
1271 1081 1494 1175 indulgenter

449 1201 668 1292 praeberent;
694 1204 770 1272 ⁰sin
793 1211 913 1273 autern
931 1200 1151 1272 coheredem
1168 1221 1207 1270 sc
1223 1199 1356 1278 dicens,
1373 1213 1493 1286 expos·

450 1327 555 1396 cenet,
574 1318 783 1399 devitarent,
800 1328 909 1409 atque
925 1317 1080 1387 alienum
1107 1337 1183 1386 csse
1202 1312 1493 1407 pronunciarent3

451 1454 539 1523 opus
562 1443 683 1503 nutem
708 1433 820 1527 magis
836 1433 953 1504 facere
975 1433 1105 1503 debere
1122 1451 1215 1513 curn,
1232 1429 1294 1521 qui
1312 1425 1423 1518 recipi
1440 1445 1493 1492 re-

451 1546 504 1615 lit.
556 1547 744 1630 Quomodo
761 1571 845 1642 ergo
867 1547 921 1618 lris
944 1548 1108 1618 omnibus
1124 1548 1226 1626 bene,
1244 1554 1416 1635 recteque
1431 1539 1495 1609 dis·

450 1663 573 1753 positis
600 1670 639 1732 et
665 1666 818 1744 statutis,
839 1687 882 1733 ao
908 1664 1062 1755 plurimo
1087 1672 1249 1755 tempore
1275 1661 1311 1731 in
1336 1681 1382 1730 eo
1403 1664 1493 1729 statu

445 1779 765 1869 perseverantibus,
784 1802 866 1849 euru
893 1781 953 1871 qui
981 1788 1059 1870 post
1088 1787 1266 1849 trecentos
1290 1777 1366 1846 iere
1391 1791 1495 1844 annos

451 1893 598 1973 venerit,
616 1902 653 1962 et
678 1894 854 1965 haeredem
880 1917 956 1966 esse
982 1917 1019 1965 se
1044 1894 1241 1976 confirmet,
1264 1915 1336 1962 non
1359 1887 1496 1982 abjicic-

451 2029 543 2091 mus,
570 2030 640 2078 non
663 2010 762 2099 juste
788 2009 943 2080 alienum
973 2010 1252 2102 pronunciamus,
1276 2008 1337 2099 qui
1363 2029 1431 2076 nec
1454 2004 1496 2073 de

452 2125 656 2216 propinquis
680 2146 718 2194 se
740 2147 817 2194 esse
841 2124 1007 2206 ostendit,
1025 2124 1085 2216 qui
1103 2123 1273 2194 defuncto
1288 2134 1413 2192 nostro
1429 2143 1497 2191 non

452 2238 605 2307 adfuerit
626 2240 825 2331 aegrotunti,
842 2239 902 2330 qui
928 2241 963 2308 in
991 2239 1158 2330 exequias
1183 2260 1253 2309 non
1280 2237 1362 2306 ierit
1378 2235 1500 2306 Cruci·

452 2353 534 2434 lixo,
549 2355 608 2445 qni
626 2352 811 2445 sepulchro
829 2376 899 2423 non
917 2355 1103 2436 adstiterit,
1116 2355 1176 2444 qui
1193 2352 1338 2422 omnino
1356 2350 1499 2430 nesciat,

454 2469 643 2559 quomodo,
672 2477 735 2537 ant
765 2468 917 2560 qualiter
945 2469 1134 2539 defunctus
1160 2478 1226 2550 est,
1255 2468 1316 2559 qui
1347 2467 1501 2556 denique

456 2582 659 2653 thesaurum
694 2583 862 2653 frumenti
897 2583 1032 2676 ingredi
1068 2584 1198 2675 cupiat,
1231 2580 1332 2650 nullo
1370 2579 1501 2650 indicio

453 2695 571 2767 delato
601 2698 648 2767 ab
676 2720 730 2777 eo,
758 2699 816 2789 qni
848 2697 1109 2791 obsignaveriti
1153 2695 1285 2766 Nonne
1309 2717 1403 2775 cunr,
1424 2704 1502 2764 tan·

453 2834 559 2904 quam
577 2811 749 2882 latronem
768 2822 805 2881 et
823 2812 937 2881 furem
962 2812 1178 2903 abjiciemus,
1194 2833 1237 2881 ae
1259 2811 1375 2881 modis
1390 2809 1502 2879 omni·

453 2927 520 2996 bus
537 2927 781 3019 expellemus?
822 2927 908 2996 Hanc
925 2927 1035 3017 igitur
1051 2929 1160 3019 signa,
1178 2949 1255 3018 quoe
1272 2928 1307 2994 in
1326 2925 1502 3018 praedictis

454 3041 783 3132 comprehendimus
812 3040 996 3133 exemplis,
1014 3042 1082 3110 iste
1108 3064 1178 3110 non
1204 3041 1367 3111 deferens
1391 3040 1501 3118 adest,

455 3155 574 3224 dicens
600 3177 637 3225 so
663 3178 738 3225 esso
764 3155 988 3237 Parae-litum,
1009 3158 1068 3247 qui
1094 3157 1139 3225 ab
1162 3155 1249 3226 Jesu
1274 3157 1502 3249 praesignatus

454 3280 509 3337 est
526 3270 632 3350 mitti,
650 3270 686 3337 in
710 3293 780 3359 qno
797 3271 1037 3351 Pmendaoem,
1056 3271 1220 3364 ignorans
1238 3271 1387 3340 fortasse
1410 3292 1501 3341 asse-

496 3484 584 3537 ⁰Aut
598 3483 668 3537 nilril
683 3482 773 3546 video,
789 3492 837 3539 ont
852 3485 890 3540 itu
910 3485 1101 3541 restituendus
1122 3494 1166 3541 est
1186 3485 1232 3541 hic
1252 3485 1331 3542 locus
1353 3487 1501 3543 manifeste

455 3588 620 3652 corruptus;
643 3598 708 3634 num
735 3580 762 3634 in
786 3581 883 3636 codice
905 3581 945 3637 ita
967 3582 1107 3638 scribitur.
1150 3582 1201 3638 Sin
1218 3591 1304 3639 autem
1321 3584 1460 3639 conderem
1473 3601 1502 3638 se

455 3676 558 3741 domos,
572 3684 733 3748 capesceret,
748 3677 897 3732 devitarent
907 3679 1044 3752 persequi,
1059 3678 1174 3734 alienum
1189 3698 1246 3735 esse
1254 3683 1462 3754 pronunciaret.

496 3781 510 3824 1¹
527 3770 591 3826 Hoc
606 3771 705 3826 eodem
720 3782 889 3847 argumento
909 3774 1044 3830 adversus
1059 3775 1252 3833 Montanistas
1266 3776 1355 3833 utitur
1367 3777 1499 3834 Theodo-

456 3885 504 3922 rus
526 3866 697 3923 Heracleote
717 3868 745 3922 in
767 3887 828 3943 cap.
847 3886 889 3940 14.
932 3871 1378 3948 Evang.J0an.vers.17.cum
1400 3875 1500 3950 inquit,

457 3961 529 4018 Nam
551 3963 577 4017 si
599 3962 657 4017 illis
677 3982 728 4019 nou
750 3965 923 4039 dilipentr'lus
939 3966 1036 4031 solum,
1050 3970 1098 4023 sed
1110 3977 1136 4024 et
1150 3987 1206 4043 pro
1219 3969 1280 4026 Deo
1293 3980 1406 4027 mortem
1420 3991 1501 4048 appe·

457 4057 583 4122 tentibus,
598 4077 648 4113 aon
663 4060 789 4124 misisset,
804 4081 878 4136 quem
889 4064 1054 4138 promiserat
1066 4065 1245 4132 Paracliturn,
1254 4069 1396 4125 nmmum
1409 4070 1501 4144 Piru-

455 4155 560 4228 piorum
582 4154 752 4228 impietatem,
766 4159 930 4214 mendacium
945 4159 972 4215 ia
987 4160 1147 4235 Euanpeliis
1161 4164 1336 4237 reperiretur.
1381 4164 1460 4227 Quod
1477 4166 1504 4222 si

456 4269 529 4314 uero,
552 4269 611 4306 cum
633 4251 669 4305 sit
693 4254 753 4326 ipsc
777 4258 888 4319 veritam
907 4257 1013 4313 miserit
1033 4257 1069 4313 iis
1090 4257 1223 4334 Spiritum
1245 4259 1385 4330 Sanctum,
1406 4271 1504 4319 temere

457 4349 572 4404 errando
600 4350 843 4417 comminiscuntur,
869 4355 985 4411 dicentes
1013 4375 1064 4429 per
1089 4357 1261 4424 Montanum,
1289 4368 1315 4416 et
1343 4359 1502 4418 Priscillam
