3900 5167
531 442 595 501 114
773 438 1026 502 ARCHELAI
1058 438 1122 501 ΕΤ
1154 438 1375 502 MANETIS

530 614 638 682 etiam
656 622 928 692 conservatores,
946 614 1038 682 sicut
1056 610 1151 681 Abel
1169 610 1301 681 iaciens
1317 633 1369 693 ea,
1387 635 1470 704 qliae
1489 612 1578 708 legis

529 736 621 807 sunt,
640 737 677 797 et
694 727 905 809 custodiens,
923 749 1028 818 quem
1051 725 1150 808 Cain,
1169 748 1229 796 vas
1253 725 1400 820 maligni
1418 725 1578 809 effectus,

529 842 723 911 interemit.
776 841 913 912 Verum
931 843 1041 911 etiam
1063 840 1234 932 posthaec
1252 839 1481 931 voluit-mors
1497 863 1595 934 pao--

529 965 617 1038 turn,
636 957 729 1048 quod
748 956 863 1027 fuerat
881 979 943 1049 per
961 955 1113 1049 Moysen
1132 957 1296 1046 positum,
1314 957 1524 1039 rescindere,
1540 967 1579 1027 ct

530 1094 676 1164 regnare
690 1073 806 1142 denuo
824 1095 929 1165 super
939 1074 1057 1164 justos
1071 1094 1081 1153 ;
1109 1081 1147 1141 et
1164 1070 1264 1140 irruit
1277 1071 1421 1162 quidem
1438 1074 1475 1141 in
1499 1095 1578 1165 pro-

415 1281 418 1289 ·
529 1186 664 1277 phetas,
683 1188 906 1268 interficiens,
925 1196 963 1256 et
980 1186 1138 1279 lapidans
1155 1207 1224 1267 eos,
1242 1186 1302 1277 qui
1322 1185 1421 1255 missi
1438 1196 1578 1256 arants

529 1299 609 1372 Deo
640 1303 824 1394 usquead
855 1301 1075 1373 Zachariam.
1125 1301 1301 1371 Dominus
1327 1310 1449 1371 autem
1476 1325 1577 1373 meus

527 1414 642 1496 Jesus,
663 1416 842 1507 justitiam
870 1415 991 1507 Moysi
1018 1415 1106 1509 legis
1136 1416 1346 1517 custodiens,
1372 1416 1576 1511 indignatos

528 1530 695 1599 adversus
712 1538 864 1599 mortem
888 1550 951 1620 pro
968 1528 1252 1619 prevaricatione
1269 1523 1387 1619 ipacti,
1406 1535 1445 1597 et
1467 1531 1576 1601 totins

528 1642 623 1713 illius
658 1644 853 1724 ministerii,
885 1643 1051 1713 advenire
1081 1643 1246 1736 dignatus
1275 1651 1331 1713 est
1359 1645 1396 1713 in
1424 1643 1575 1717 hominis

528 1781 685 1850 corpore,
704 1759 943 1829 vindicaturus
967 1780 1039 1826 non
1065 1758 1305 1851 semetipsum,
1324 1759 1386 1829 ssd
1412 1758 1574 1854 Moysen,

528 1883 566 1945 et
592 1895 661 1954 eos,
688 1875 748 1965 qui
775 1897 820 1943 ex
850 1874 973 1944 ordine
996 1882 1077 1966 post
1099 1872 1214 1963 ipsum
1242 1872 1381 1943 fuerant
1408 1873 1575 1945 violentia

528 1990 652 2058 mortis
679 1990 844 2081 oppressi.
898 1987 1080 2082 Malignus
1107 2009 1190 2057 vero
1219 1989 1383 2082 ignorans
1411 1989 1575 2081 hujusce·

527 2103 623 2172 modi
654 2103 960 2195 dispensationem,
987 2105 1162 2195 ingressus
1188 2112 1242 2173 est
1268 2102 1411 2186 ludam,
1444 2114 1485 2175 ut
1515 2127 1574 2198 per

527 2220 644 2310 ipsum
661 2220 876 2290 interficeret
893 2242 986 2300 eum,
1004 2221 1097 2290 sicut
1114 2228 1220 2290 antea
1236 2218 1331 2289 Abel
1349 2221 1574 2292 interfecerat

521 2334 671 2426 justum.
723 2334 795 2405 Sed
825 2357 908 2404 cum
943 2336 1108 2405 intrasset
1137 2335 1173 2404 in
1200 2331 1342 2417 ludam,
1367 2337 1575 2427 poenitentia

527 2449 665 2530 ductus,
691 2451 829 2542 seipse
855 2451 1056 2542 suspendit:
1084 2459 1227 2543 propter
1257 2451 1352 2541 quod
1381 2452 1432 2521 ait
1459 2474 1572 2524 sermo

529 2564 677 2646 divium,
701 2563 770 2636 Ubi
791 2574 839 2635 est
865 2588 956 2635 mors
979 2565 1125 2636 victoria
1151 2574 1219 2649 tua,
1237 2563 1296 2635 uli
1317 2575 1366 2637 est
1387 2587 1481 2638 mors
1497 2591 1575 2639 acu·

529 2804 584 2869 bat,
599 2823 650 2860 nou
664 2813 752 2860 autem
761 2804 898 2879 pariebat.
941 2804 1017 2860 Nam
1025 2812 1166 2878 peccatum
1181 2804 1211 2860 id
1220 2813 1289 2866 erat,
1303 2805 1375 2878 quod
1395 2812 1507 2861 mortem
1520 2806 1573 2880 effi·

529 2901 623 2956 ciebat.
660 2901 719 2956 Lea
740 2910 827 2957 autem
844 2909 955 2957 mortem
974 2901 1122 2969 invehebat,
1140 2920 1172 2957 ac
1186 2911 1327 2977 peccatum
1348 2903 1504 2970 iudicabat,·
1525 2922 1574 2960 uos

528 3006 616 3053 autem
629 2997 761 3070 faciebat.
797 2999 904 3054 Malum
925 3002 994 3054 euim
1015 3000 1135 3074 apertius
1155 2999 1301 3075 detepebat,
1317 3019 1350 3055 ac
1364 3000 1511 3074 plectebat,
1526 3020 1574 3057 noa

530 3103 617 3150 autem
632 3094 668 3150 ad
680 3096 776 3152 malum
792 3095 950 3171 impellebat.
986 3096 1082 3171 Neque
1095 3098 1131 3152 ad
1147 3098 1177 3152 id
1194 3097 1375 3163 ministrabat,
1391 3106 1420 3154 ut
1437 3107 1575 3173 peccatum

522 3193 615 3267 fieret,
630 3201 675 3248 aut
690 3211 763 3249 mora
776 3195 920 3258 existerem
942 3195 991 3249 ced
1004 3202 1034 3250 ut
1052 3213 1142 3269 poeuas
1156 3195 1233 3251 duret
1253 3196 1286 3262 ie,
1302 3198 1347 3273 qui
1362 3204 1523 3270 peccasset;
1544 3214 1575 3251 ac

524 3289 641 3361 proinde
654 3288 704 3344 bac
718 3308 819 3363 quoque
833 3290 938 3345 ratione
945 3298 1087 3364 peccatum
1101 3291 1214 3346 delebat.
1242 3290 1317 3347 Nam
1332 3291 1393 3348 dum
1408 3292 1469 3367 ipsa
1478 3309 1574 3367 pecca·

528 3393 585 3440 tum
600 3387 665 3441 adeo
671 3386 877 3459 semiclaudum
888 3406 944 3442 esse
958 3388 1117 3449 ostenderet.
1129 3389 1228 3463 procul
1240 3388 1319 3445 dubio
1334 3388 1384 3444 tue
1397 3391 1573 3464 etiamfacie·

529 3482 584 3545 bat,
600 3490 629 3538 ut
649 3484 735 3556 ipsum
748 3483 910 3558 sapiendum
930 3503 989 3540 esse
1009 3485 1155 3541 videretur.
1201 3485 1425 3547 Quemadmodum
1445 3486 1574 3561 ipituris‚

529 3580 575 3654 qui
589 3599 674 3635 erraem
691 3581 718 3636 iu
733 3599 825 3636 manue
845 3582 936 3643 sumit,
952 3600 984 3636 ac
1005 3583 1076 3636 souti
1097 3592 1176 3657 caput
1197 3591 1329 3657 amputat,
1344 3583 1438 3655 judici
1453 3603 1574 3658 pronus·

529 3676 613 3731 ciculi
633 3677 784 3732 ministrum
804 3695 834 3732 se
850 3676 963 3752 praebet,
979 3696 1061 3753 neque
1081 3680 1139 3753 ipae
1159 3687 1208 3745 est,
1231 3680 1277 3753 qui
1295 3680 1435 3744 interimit,
1450 3682 1531 3736 etiam
1551 3682 1575 3736 si

529 3773 631 3848 alioqui
644 3774 702 3846 ipse
714 3774 761 3838 ait,
776 3775 824 3849 qui
844 3783 925 3849 caput
946 3775 1098 3832 abscindit:
1120 3794 1167 3831 uec
1188 3795 1285 3833 mersus
1304 3776 1337 3839 is,
1352 3777 1399 3852 qui
1419 3781 1575 3834 seutentiam

524 3871 646 3945 profert,
662 3889 695 3925 ac
710 3879 811 3927 sontem
826 3873 998 3937 crimmum
1018 3874 1066 3928 sed
1079 3873 1147 3944 ejus,
1163 3874 1194 3928 ‹lc
1208 3892 1260 3948 quo
1274 3874 1434 3948 suppliciam
1449 3876 1574 3938 sumitur,

529 3967 697 4042 improbitas.
734 3968 837 4024 Eadm
852 3969 927 4024 modo
943 3969 987 4025 tic
1000 3988 1103 4044 quoque
1117 3989 1167 4025 uon
1182 3970 1225 4026 ter
1238 3979 1307 4035 erat,
1323 3989 1380 4044 qua
1401 3989 1490 4027 macru
1508 3972 1573 4046 affe-

530 4064 624 4129 rebat,·
646 4066 694 4120 sed
710 4074 850 4139 peccatum
873 4069 957 4140 ipsum
980 4076 1046 4129 erut,
1070 4068 1140 4141 quad
1160 4076 1186 4123 et
1208 4067 1384 4131 interimebat,
1406 4077 1434 4123 et
1458 4070 1575 4125 cosdem-

531 4163 621 4217 nabat.

568 4256 576 4297 ἰ
593 4258 625 4312 ln
638 4257 734 4314 codice
750 4259 897 4315 Casinensi
913 4270 964 4325 est,
980 4261 1044 4325 acte',
1061 4261 1232 4334 quodetiam
1250 4261 1399 4318 manifesta
1413 4271 1457 4320 est
1471 4261 1574 4320 librarii

530 4353 720 4410 hallucinatio.
