3900 5167
525 461 592 530 27⁸
892 461 925 527 S.
941 461 1216 528 nucusnlm

525 632 972 734 eiotfierideudocrecriie
987 633 1574 716 amicietdmticdrietieclrir·

576 868 673 955 Quid
685 867 782 942 aliud
796 867 855 940 hio
871 865 1125 961 disputandum
1141 873 1208 952 cst,
1220 867 1366 962 quando
1380 867 1507 961 ipsam,
1515 891 1576 941 cn·

520 983 583 1078 jur
598 985 817 1057 mentionem
834 983 930 1065 fecit,
944 981 1133 1076 epistulam
1147 982 1194 1054 nd
1209 979 1429 1056 aneiannm
1447 983 1576 1068 datam

527 1108 661 1194 queunte
676 1101 857 1193 potuimus
873 1098 1060 1194 diligentis
1075 1097 1395 1192 pertractavimusl
1420 1097 1575 1194 thnod

527 1212 587 1286 hic
612 1212 714 1296 dixit,
734 1213 1000 1284 meminerimus
1024 1213 1097 1284 dici
1122 1235 1227 1308 pomo
1250 1213 1298 1285 de
1321 1214 1490 1288 omnibus
1511 1216 1577 1288 ini·

527 1329 616 1421 quis,
634 1348 723 1420 qnos
738 1335 777 1399 et
793 1327 831 1398 in
847 1325 1035 1400 Cotholicn
1049 1349 1129 1400 esse
1143 1328 1221 1422 ipse
1236 1336 1413 1414 testatum
1438 1337 1479 1400 et
1492 1327 1577 1423 bap·

528 1443 675 1514 tismum
690 1441 834 1526 habere,
851 1449 890 1514 et
906 1442 1001 1526 dere,
1017 1463 1126 1514 nemo
1140 1453 1301 1514 nostrum
1316 1441 1481 1540 ambigit„
1517 1443 1576 1514 Illi

527 1557 623 1628 enim
641 1558 789 1629 veniunt
809 1557 855 1628 ad
875 1555 1088 1642 Ecclesiam,
1103 1557 1166 1652 qui
1186 1558 1233 1632 de
1252 1566 1357 1652 parte
1378 1557 1510 1632 diaboli
1530 1561 1575 1631 ad

527 1671 709 1744 Christum
734 1681 930 1757 transcunt,
955 1682 996 1745 et
1022 1673 1200 1746 edificent
1227 1695 1335 1768 snper
1362 1684 1513 1768 petram,
1538 1683 1576 1746 et

399 1788 402 1794 '
526 1789 794 1882 incorporantur
809 1788 995 1874 columble,
1008 1797 1047 1862 et
1062 1790 1102 1860 in
1116 1789 1222 1862 horto
1238 1789 1407 1864 concluso
1422 1800 1464 1862 et
1478 1791 1576 1862 fonte

525 1903 665 1998 signato
681 1905 911 1989 muniuntur;
936 1905 999 1976 nbi
1021 1927 1095 1976 non
1116 1912 1201 1976 sunt
1222 1927 1357 1991 omnes,
1374 1906 1436 1999 qni
1455 1915 1576 1980 contra

526 2015 660 2094 Christi
699 2031 878 2116 praecepta
910 2022 1045 2118 vicunt,
1078 2021 1231 2094 ubilibet
1266 2043 1346 2096 eme
1378 2023 1575 2096 videantur.

362 2145 494 2278 itit
525 2131 1576 2348 linilpipiiiliffllilqiffliii

524 2370 674 2451 monuit,
692 2371 729 2441 in
746 2368 865 2463 ¹quali
890 2371 1062 2442 societate
1085 2378 1250 2464 oporteat
1273 2368 1428 2465 intelligi
1451 2371 1575 2444 Eccle-

525 2486 626 2558 siam.
677 2485 742 2558 Ait
766 2488 863 2559 enim
888 2486 934 2559 de
956 2487 1110 2580 quodam
1127 2485 1285 2580 loquens,
1301 2483 1530 2583 Alienosſsut
1544 2495 1576 2560 u

520 2600 695 2699 prosam
710 2601 911 2675 Domimooe
920 2601 1032 2698 potia,
1049 2625 1092 2675 uc
1104 2599 1328 2674 'Dominicoe
1343 2603 1491 2676 mimir
1505 2605 1575 2676 iai-

525 2720 645 2802 micus,
663 2743 733 2792 noo
758 2716 916 2791 dubitans
941 2718 981 2789 io
1006 2715 1108 2790 domo
1123 2715 1205 2802 Dei,
1222 2715 1263 2789 id
1282 2725 1342 2802 cat,
1359 2718 1399 2789 io
1416 2717 1574 2791 Ecclesia

527 2832 674 2919 Christi,
701 2835 740 2905 in
767 2857 836 2928 quo
861 2857 930 2904 non
960 2833 1033 2904 nisi
1058 2831 1240 2904 concordes
1268 2841 1370 2927 utque
1396 2835 1575 2906 unanimos

525 2948 690 3022 habitunt.
741 2950 847 3034 Quod
870 2973 955 3042 ergo
981 2949 1039 3019 hic
1065 2949 1224 3030 dicimus,
1242 2947 1427 3040 paululum
1453 2951 1575 3021 sdver-

526 3075 616 3151 tunt,
633 3068 693 3159 qui
717 3055 819 3136 nobis
842 3067 887 3135 de
905 3065 1080 3157 Cypriano
1102 3063 1226 3133 volunt
1248 3064 1484 3154 prescribere.
1536 3066 1573 3137 Si

526 3183 622 3251 enim
650 3183 686 3251 in
714 3179 873 3251 Ecclesia
899 3177 1030 3250 Christi
1058 3202 1129 3248 non
1156 3179 1222 3248 nisi
1247 3180 1439 3250 concordes
1468 3190 1574 3274 atque

527 3300 709 3369 unanimes
734 3295 906 3377 habitant,
924 3294 1048 3387 procul
1074 3294 1182 3364 dubio
1207 3317 1278 3363 non
1303 3293 1514 3367 habitabant
1539 3297 1573 3365 in

527 3413 689 3485 Ecclesia
705 3413 848 3496 Christi,
874 3413 1036 3504 quamvis
1060 3413 1157 3482 intus
1183 3431 1259 3481 esse
1284 3411 1497 3495 viderentur,
1524 3412 1572 3482 illi

365 3516 376 3550 ¹
396 3534 403 3550 '
527 3532 588 3624 qui
605 3555 668 3625 per
684 3530 852 3599 invidiam
870 3539 908 3599 ct
925 3529 1190 3599 contentionem
1207 3528 1283 3597 siue
1295 3529 1444 3598 caritate
1457 3528 1574 3599 Chris·

407 3683 412 3692 ·
525 3657 603 3718 tum
626 3645 904 3729 annuntiabant3
931 3667 1020 3737 quos
1045 3646 1120 3736 ipse
1144 3641 1324 3737 intelligit,
1344 3666 1415 3712 non
1437 3643 1573 3714 haereti-

525 3787 584 3835 cos
598 3763 654 3833 vel
672 3761 913 3833 schismaticos
930 3758 1078 3831 aPaulo
1095 3757 1254 3852 apostolo
1267 3768 1572 3834 commemoratos,

524 3882 585 3951 sed
605 3879 710 3950 falsos
727 3878 854 3947 fratres
871 3899 951 3946 oum
971 3875 1033 3946 illo
1055 3876 1202 3945 interius
1219 3882 1486 3945 conversantes:
1512 3874 1571 3964 qui

524 4004 621 4067 certe
647 3994 825 4086 baptizare
851 4015 920 4062 non
948 3990 1136 4073 debebant,
1154 3991 1236 4082 qnia
1257 3992 1293 4060 in
1316 3987 1477 4059 Ecclesia
1501 4010 1568 4058 non

564 4215 639 4271 ¹lta
653 4214 767 4291 optimae
788 4222 863 4270 notae
886 4212 976 4269 codex
993 4210 1181 4267 Corbeiensis.
1224 4211 1263 4266 At
1288 4208 1365 4272 editi,
1390 4208 1417 4265 ia
1442 4207 1566 4283 qualibet.

525 4310 586 4382 (Sic
601 4313 673 4369 male
687 4312 785 4387 scripti
801 4312 880 4383 mei.)

563 4420 578 4463 t
592 4410 676 4483 Apud
691 4408 875 4484 cyprianum,
891 4426 925 4463 ac
938 4406 1035 4463 dioinae
1048 4405 1171 4463 usitatis.
