3900 5167
528 446 592 515 19⁰
758 445 1099 511 anonumum
1124 423 1343 511 naumis

528 614 627 684 Dens
652 615 718 684 snb
744 623 853 686 terras
876 639 958 685 eum
982 618 1121 688 detrudi
1142 641 1206 710 per
1225 619 1390 710 spiritum
1402 620 1519 711 jubet,
1536 632 1573 691 et

527 730 696 798 continno
722 731 766 799 de
792 753 931 801 summo
956 731 1126 822 dejectus,
1144 734 1307 803 exanime
1325 757 1453 827 corpus
1476 737 1573 807 deor-

527 866 604 912 sum
624 845 881 936 praecipitatum
901 857 964 928 est,
979 848 1073 938 quod
1091 871 1178 919 anus
1196 848 1257 919 illa
1273 851 1430 935 miserta,
1448 851 1574 923 collec-

528 967 606 1028 tum
623 958 709 1031 locis
726 960 837 1031 solitis
855 962 1004 1053 sepeliit.

579 1074 682 1146 LIII.
709 1076 808 1146 Tunc
838 1077 956 1146 omnia
988 1076 1059 1161 illa,
1086 1101 1168 1169 quae
1199 1101 1318 1148 secum
1349 1080 1394 1149 de
1420 1078 1573 1172 AEgypto

527 1188 733 1282 pertulerat,
750 1201 956 1261 manserunt
982 1191 1074 1283 apud
1099 1215 1190 1275 eam,
1204 1202 1241 1262 et
1260 1190 1381 1287 gavisa
1397 1204 1454 1264 est
1474 1194 1574 1264 valde

527 1304 572 1374 de
589 1315 703 1376 morte
720 1308 796 1397 ejus
813 1306 944 1397 duplici
962 1328 1077 1387 causa,
1090 1308 1204 1398 primo
1221 1309 1315 1399 quod
1331 1331 1404 1378 non
1422 1308 1574 1379 libenter

526 1419 700 1511 aspiceret
716 1430 809 1490 artes
827 1420 930 1501 illius,
948 1421 1103 1490 secundo
1127 1443 1189 1512 pro
1215 1421 1280 1504 his,
1299 1445 1380 1514 quae
1404 1424 1450 1493 de
1469 1423 1574 1494 haere·

527 1535 639 1605 ditate
664 1537 780 1606 fuerat
809 1548 1019 1619 consecuta3
1045 1545 1122 1605 crat
1149 1538 1244 1606 enim
1274 1536 1430 1607 multum
1459 1541 1572 1631 pretii.

528 1650 615 1733 Quae
633 1674 714 1721 cum
731 1651 806 1721 sola
823 1664 924 1733 esset,
942 1652 1073 1722 habere
1090 1651 1246 1743 aliquem
1270 1654 1572 1725 administerium

526 1765 651 1851 voluit,
675 1776 712 1836 et
737 1769 953 1859 comparavit
979 1768 1045 1837 sibi
1068 1763 1239 1859 dpuerum
1265 1792 1438 1839 annorum
1465 1771 1573 1840 ferme

526 1892 673 1974 septem,
692 1881 915 1953 ‘Corbicium
941 1883 1097 1967 nomine,
1121 1906 1227 1974 quem
1254 1885 1375 1954 statim
1400 1889 1573 1955 manumi-

525 1999 636 2078 sitae
655 1998 766 2067 literis
783 1998 946 2067 erudivit.
999 1997 1141 2088 Quique
1160 2019 1242 2067 curn
1259 1998 1448 2069 duodecim
1468 2023 1573 2071 anno-

525 2135 603 2182 rum
622 2122 714 2183 esset
732 2111 889 2195 effectus,
908 2108 1011 2182 fanus
1033 2111 1094 2182 illa
1111 2114 1204 2182 diem
1223 2112 1323 2197 obiit,
1342 2113 1481 2206 ipsique
1498 2118 1572 2186 uni-

525 2250 625 2297 versa
653 2228 747 2297 bona
776 2250 839 2296 sua
869 2227 1025 2310 tradidit,
1054 2237 1092 2296 et
1121 2251 1203 2298 cum
1235 2230 1369 2298 caeteris
1397 2230 1571 2323 &reliquia
1656 2303 1661 2314 ,

525 2346 633 2413 etiam
661 2352 812 2432 quatuor
838 2342 917 2411 illos
944 2342 1093 2425 libellos,
1112 2364 1201 2434 quos
1226 2341 1440 2434 Scythianus
1468 2348 1571 2438 scrip·

524 2468 628 2538 serat,
646 2481 716 2526 non
740 2456 934 2526 multorum
954 2480 1117 2527 versuum
1144 2457 1310 2550 singulos.
1361 2459 1464 2529 Tunc
1490 2484 1570 2553 ergo

524 2574 715 2652 Corbicius,
734 2573 872 2664 sepulta
889 2574 1043 2655 domina,
1061 2574 1161 2642 bonis
1182 2574 1247 2643 sibi
1267 2573 1445 2644 derelictis
1463 2576 1571 2645 omni-

524 2690 590 2759 bus
609 2691 661 2758 uti
677 2690 794 2780 coepit,
806 2699 844 2758 et
861 2689 1025 2780 migravit
1042 2689 1086 2758 ad
1101 2689 1257 2757 medinm
1271 2688 1426 2758 civitatis
1445 2688 1569 2767 locum,

524 2808 560 2875 in
588 2829 657 2896 quo
684 2804 851 2873 manebat
882 2826 944 2872 rex
974 2803 1173 2886 Persarum,
1197 2814 1234 2873 et
1260 2815 1481 2875 commutato
1507 2807 1569 2876 sibi

523 2923 675 3002 nomine,
691 2919 838 2988 Manem
857 2920 1085 3010 semetipsum
1104 2943 1167 3011 pro
1181 2919 1345 2990 Corbicio
1363 2921 1569 3012 appellavit3

523 3059 588 3105 nec
608 3035 765 3114 Manem,
784 3035 845 3103 sed
864 3035 1010 3115 Manes;
1038 3034 1224 3103 Persarum
1249 3036 1345 3102 enim
1370 3033 1492 3128 lingua
1509 3036 1568 3106 tali

522 3152 636 3219 utitur
652 3150 897 3219 declinatione.
951 3146 1109 3218 Effectus
1130 3150 1238 3242 igitur
1262 3173 1350 3240 puer
1376 3150 1437 3219 ille
1464 3175 1569 3220 anno-

522 3288 600 3333 rum
631 3286 739 3355 prope
769 3258 985 3354 hsexaginta
1017 3264 1175 3332 cruditus
1209 3265 1405 3334 secundum
1443 3266 1569 3335 doctri-

522 3429 595 3495 post,
611 3422 642 3476 de
656 3421 778 3495 AEpypto
789 3419 970 3493 protulerant.
1007 3420 1044 3476 Et
1066 3439 1142 3485 mox,
1160 3422 1261 3494 duplici
1282 3441 1315 3476 ec
1336 3440 1569 3499 causa—qun

521 3518 778 3592 haereditatesuerat
792 3527 949 3573 consecuta:
971 3527 1032 3573 crat
1046 3520 1115 3573 enim
1129 3519 1239 3574 mullum
1249 3521 1370 3592 pecunia
1383 3522 1473 3576 uvida
1506 3520 1569 3584 Qua

522 3635 581 3673 cum
597 3624 650 3672 cet.

561 3709 671 3768 dIdem
697 3713 796 3778 codex,
818 3712 969 3786 puerulum.
1013 3712 1096 3777 Mox,
1123 3732 1249 3787 quotaque
1273 3715 1376 3769 statim.
1421 3715 1459 3770 Et
1486 3716 1568 3788 paulo

520 3819 594 3883 post,
613 3810 747 3871 Quicum.

561 3907 747 3971 ‘Cubricum
771 3905 915 3976 Κοὺβρικον
936 3907 1021 3970 hunc,
1044 3925 1100 3961 non
1126 3905 1289 3970 Corbicium,
1308 3916 1412 3963 vocant
1435 3907 1565 3982 Cyrillus,

520 4003 705 4079 Epiphanius,
722 4011 750 4058 et
765 4003 818 4058 alii.

560 4099 663 4157 fldem
679 4100 741 4154 cod.
757 4119 823 4154 onus
841 4100 885 4153 die
904 4099 961 4161 illa,
976 4118 1028 4173 qua
1048 4100 1123 4161 obiit,
1140 4100 1251 4174 ipsique,
1268 4109 1321 4154 cet.
1365 4098 1448 4165 Mox,
1464 4101 1565 4155 coleris

520 4198 650 4271 reliquiis,
695 4196 848 4268 Paucisque
864 4195 1029 4268 interjectis,
1046 4197 1072 4249 in
1087 4215 1138 4269 pua
1153 4198 1273 4252 launebot
1288 4215 1336 4251 rex
1352 4197 1507 4252 Persarum.

560 4305 576 4346 8
592 4294 684 4356 Forte,
701 4292 817 4365 reliquit.

560 4387 572 4422 ¹¹
589 4390 632 4445 lta
648 4397 810 4444 constanter
826 4389 852 4441 in
863 4387 1010 4443 Casiuensi
1025 4389 1120 4444 codice
1135 4389 1282 4452 scribitur;
1306 4406 1405 4445 vereor
1420 4398 1515 4446 tamen
1530 4406 1562 4442 ne
