3900 5167
821 456 1132 520 DISPUTATIO.
1319 455 1322 460 ’
1438 458 1501 525 loo

450 621 548 692 niam
573 624 718 715 quidem
749 635 787 695 et
812 624 1007 719 Apostolus
1037 627 1124 697 dicit
1150 626 1194 695 ad
1222 648 1295 708 nos,
1325 624 1394 698 ¹Ut
1422 626 1500 697 sitis

450 737 544 808 sicut
569 736 762 811 luminario
794 742 832 811 in
859 740 923 813 too
956 739 1255 824 mundatorium
1283 742 1363 812 υἱέα
1392 743 1499 813 conti-

454 863 572 941 neater
598 854 647 925 od
663 853 815 951 ,chriam
832 881 949 942 ,meam
980 859 1018 928 in
1043 856 1133 929 diem
1162 854 1307 939 Christi,
1336 859 1499 952 quoniam

453 991 525 1039 non
543 970 581 1039 in
597 994 740 1041 vacuum
758 975 908 1057 errori,
926 998 987 1046 neo
1004 975 1043 1044 in
1060 998 1202 1045 vamum
1223 972 1386 1045 laborovi.
1439 974 1498 1044 In·

453 1084 615 1178 telligere
638 1087 808 1159 debemus
825 1113 904 1182 qnae
928 1092 975 1161 sit
996 1092 1056 1171 vis,
1075 1099 1112 1159 et
1133 1089 1222 1160 ratio
1239 1091 1409 1159 sermonis
1434 1090 1501 1159 bu-

446 1202 530 1292 jus3
555 1202 701 1272 verbnm
723 1204 819 1274 enim
836 1205 935 1276 ducis
959 1207 1097 1276 obtinet
1123 1204 1251 1287 locum,
1269 1216 1392 1297 'opera
1417 1228 1500 1275 vero

453 1316 557 1408 regis.
609 1315 712 1386 Sicut
740 1341 825 1410 ergo
849 1318 975 1411 aliquis
998 1320 1071 1412 regi
1095 1341 1159 1388 suo
1182 1318 1399 1399 adventanti,
1425 1339 1500 1386 om-

453 1450 529 1510 nes,
546 1430 605 1521 qui
632 1430 697 1500 sub
714 1454 799 1501 cura
824 1455 887 1502 sua
908 1442 1000 1516 sunt,
1018 1434 1139 1504 studet
1161 1433 1376 1512 obedientes,
1403 1453 1501 1522 para-

453 1551 522 1624 tos,
539 1553 577 1612 et
598 1545 732 1631 charos,
753 1546 950 1639 hilaresque
975 1550 1171 1628 ostendere,
1192 1571 1233 1617 ao
1259 1547 1415 1626 devotos,
1438 1546 1500 1615 sed

453 1657 563 1727 etiam
589 1660 807 1745 innocentes,
830 1687 871 1734 ac
894 1664 996 1734 bonis
1023 1665 1186 1759 omnibus
1208 1663 1437 1742 abundantes,
1460 1670 1502 1730 ut

452 1773 530 1863 ipse
555 1773 696 1845 laudem
723 1787 958 1871 consequatur
983 1803 1004 1849 a
1033 1802 1126 1872 rege,
1156 1790 1194 1849 et
1223 1780 1354 1871 majore
1383 1778 1429 1847 ab
1459 1800 1502 1846 eo

453 1887 588 1959 honore
614 1892 740 1985 dignus
764 1894 946 1977 habeatur,
973 1902 1143 1986 tanquam
1172 1894 1264 1964 bene
1293 1893 1501 1986 gubernata,

454 2026 535 2094 quae
568 2007 632 2076 sibi
668 2018 723 2079 est
752 2010 948 2091 commissa,
976 2009 1176 2100 provincia3
1209 2008 1262 2076 ita
1295 2016 1333 2077 et
1367 2005 1501 2075 Beatus

456 2113 590 2187 Paulus
606 2120 693 2189 dicit
712 2122 757 2191 ad
778 2144 851 2202 nos,
870 2120 939 2193 'Ut
954 2122 1033 2192 sitis
1055 2119 1143 2193 velut
1164 2119 1355 2191 luminario
1377 2120 1414 2189 in
1440 2116 1503 2190 boc

455 2231 747 2314 mundatorium
765 2237 845 2308 vitre
865 2237 1072 2308 continentes·
1094 2236 1141 2306 cd
1160 2235 1308 2333 ⁸aleriam
1334 2236 1443 2329 ipsios
1465 2235 1503 2304 in

455 2346 546 2418 diem
566 2348 709 2423 carisii.
762 2352 908 2424 Scilicet
932 2355 1027 2446 quod
1054 2354 1229 2428 Dominus
1253 2362 1375 2422 noster
1397 2351 1503 2423 Jesus

456 2463 618 2536 Christus
634 2468 788 2548 veniens,
806 2470 926 2539 rideat
942 2469 1131 2561 profecisse
1150 2468 1345 2538 doctrinam
1365 2469 1440 2559 ejus
1466 2468 1503 2537 iu

455 2580 577 2662 uobis;
603 2593 641 2652 et
663 2584 837 2675 quianon
862 2585 898 2653 in
926 2607 1078 2655 vacuum
1104 2585 1269 2667 cucurrit,
1294 2607 1361 2653 neo
1386 2584 1423 2652 in
1445 2607 1505 2653 va-

455 2721 564 2767 cuum
590 2698 771 2798 laboravit,
789 2702 963 2771 retribuat
985 2702 1018 2770 ei
1041 2700 1197 2770 debitam
1224 2722 1401 2769 coronam.
1455 2700 1503 2768 Et

455 2835 575 2883 rursus
591 2837 732 2907 quoque
757 2817 794 2885 iu
814 2817 938 2887 eadem
958 2816 1107 2907 epistola
1128 2824 1331 2886 commonet
1349 2835 1422 2891 nos,
1440 2822 1504 2885 ³ue

455 2943 597 3000 terrena
625 2932 811 3023 sapiamus,
842 2932 904 3002 sed
928 2932 1232 3001 conversationem
1259 2940 1414 3000 nostram
1442 2930 1503 2999 de-

455 3046 541 3116 bere
562 3069 638 3117 esse
663 3047 699 3116 in
720 3048 836 3131 caelis3
863 3049 957 3118 unde
980 3056 1017 3119 et
1039 3047 1249 3118 salvatorem
1271 3053 1503 3136 expectamus

455 3160 651 3232 Dominum
678 3173 837 3233 nostrum
865 3164 990 3234 Jesum
1014 3163 1206 3233 Christum.
1259 3161 1307 3230 Et
1335 3160 1502 3252 quoniam

453 3278 557 3348 nobis
579 3302 649 3348 non
672 3290 727 3350 est
744 3287 862 3349 tutum
885 3281 974 3350 scire
997 3279 1162 3348 ultimam
1180 3278 1286 3360 diem,
1305 3275 1504 3369 designavit

454 3394 490 3463 in
517 3393 676 3486 epistola,
706 3418 812 3487 quam
842 3394 964 3465 scribit
990 3395 1034 3464 ad
1065 3392 1402 3472 Thessalonicenses,
1427 3386 1503 3460 ⁴De

455 3508 661 3602 temporibus
686 3519 808 3595 autem,
828 3519 860 3582 et
885 3510 1073 3592 momentis,
1095 3508 1253 3590 Fratres,
1278 3529 1348 3576 oon
1373 3502 1502 3575 habetis

455 3647 549 3718 opus,
576 3634 614 3696 ut
633 3623 779 3720 aliquid
793 3623 884 3696 robis
913 3622 1060 3695 scribom
1072 3649 1083 3703 ,·
1109 3624 1178 3717 ipsi
1204 3622 1294 3693 oraim
1321 3618 1504 3715 diliyeoter

496 3872 508 3903 ⁸
530 3862 589 3919 Cur
602 3862 664 3919 haec
685 3881 748 3919 cum
771 3851 995 3937 praecedentibus
1009 3880 1067 3917 non
1081 3861 1251 3925 cohereant,
1266 3858 1341 3915 Vide
1363 3857 1504 3934 prefatio·

457 3980 520 4017 uem
535 3969 661 4017 nostram
674 3961 703 4016 in
714 3960 863 4017 Archelao.
875 3962 915 4034 (p.
933 3975 977 4033 15,
996 3958 1050 4029 16.)
1074 3957 1181 4014 Sensus
1195 3964 1290 4013 autem
1308 3974 1370 4012 csse
1381 3956 1503 4023 ridetur,

458 4058 543 4114 solius
564 4057 665 4132 Regis,
685 4057 812 4131 perfecti,
828 4056 968 4121 videlicet,
984 4054 1068 4120 illius,
1084 4056 1131 4128 qui
1152 4062 1323 4127 expectatur,
1338 4072 1410 4129 opus
1432 4072 1504 4115 esse.

458 4154 604 4210 hominum
626 4154 825 4228 ignorantiam,
851 4162 881 4210 ut
904 4164 988 4209 antea
1012 4152 1092 4216 dixit,
1116 4152 1229 4225 penitus
1252 4150 1406 4214 destruere,
1429 4152 1504 4225 quod

459 4270 513 4307 non
528 4251 697 4326 praestiterat
712 4250 824 4307 Manes.
854 4250 981 4324 (Adagio
996 4249 1085 4305 simile
1101 4248 1230 4305 Archelai
1245 4248 1320 4303 istud
1335 4248 1402 4315 est.)

468 4388 727 4462 ¹Phil.ii.15.16.
769 4388 864 4445 'lbid
907 4387 1181 4463 ’lbid.iii.19.2o‚
1223 4385 1380 4441 ⁴1Thcss.
1395 4404 1419 4438 v.
1440 4402 1504 4447 1,2,

955 4483 1008 4527 '1⁸2
