3900 5167
681 456 923 520 RESPONSA
948 457 1016 519 AD
1039 456 1302 520 EPISCOPOS.
1447 458 1512 522 2⁴³

463 629 539 699 hmo
568 632 746 701 sententia
775 630 876 700 testis
906 639 972 711 est,
998 638 1040 699 ut
1070 630 1224 700 haeretici
1256 630 1437 699 venientes
1466 630 1510 699 ad

464 745 659 817 Ecclesiam
686 768 766 817 eum
795 747 1006 839 baptismate
1034 746 1127 838 quod
1156 745 1333 816 habebant
1359 746 1512 837 suscipe-

463 871 595 945 rentur,
613 872 676 933 out
699 863 765 933 hoo
786 876 883 934 recte
899 862 1019 943 fiebat,
1037 872 1100 931 aut
1125 860 1209 931 mali
1235 861 1345 930 bonos
1371 862 1407 930 in
1432 863 1511 930 uni-

463 986 540 1047 tate
564 1001 635 1048 uon
661 978 851 1049 maculant.
903 978 942 1049 Si
963 988 1060 1048 recte
1081 976 1200 1056 fiebat,
1217 1000 1280 1046 cnr
1303 977 1424 1046 orbem
1443 987 1512 1046 ter·

464 1114 592 1174 rarum,
605 1094 690 1184 quia
706 1095 756 1163 sic
769 1094 998 1186 recipiuntur,
1011 1090 1203 1163 accusanti
1232 1090 1270 1161 Si
1289 1100 1408 1159 autern
1427 1089 1511 1160 mali

465 1208 575 1279 bonos
592 1210 628 1278 in
640 1210 779 1280 unitate
796 1234 866 1279 uon
885 1208 1074 1288 maculant,
1089 1208 1265 1298 quomodo
1279 1228 1316 1276 se
1331 1208 1511 1277 acrimine

462 1323 641 1418 sacrilega
657 1326 886 1417 separationis
903 1323 1100 1395 excusanti

515 1438 702 1511 Eucratius
719 1465 740 1511 a
756 1442 886 1511 Thenis
904 1442 1014 1510 dixit:
1040 1438 1165 1510 Fidem
1192 1446 1354 1519 nostram,
1376 1445 1408 1507 et
1432 1435 1585 1530 lap-css.
1597 1455 1638 1515 ³⁶·

463 1554 610 1626 tismclis
623 1557 786 1653 prolium,
800 1565 832 1627 el
847 1555 931 1652 lepis
948 1554 1183 1626 ecclcsioslicae
1199 1553 1352 1650 reptilem
1365 1551 1464 1624 Deus
1480 1561 1512 1624 el

463 1668 637 1740 Dominus
653 1679 768 1741 noster
783 1669 889 1741 Jesus
908 1668 1070 1743 Christus
1091 1692 1154 1739 suo
1176 1693 1236 1740 ore
1252 1668 1435 1763 Apostolos
1452 1668 1512 1739 (lo-

462 1809 540 1855 cens
553 1784 779 1879 perimplevit,
796 1784 923 1865 dicens,
940 1783 1004 1866 Ile,
1022 1785 1135 1855 docete
1154 1807 1268 1855 omnes
1286 1794 1414 1881 ,penten
1430 1783 1511 1879 bop-
1519 1802 1611 1881 traps.

462 1902 607 1972 tizontes
642 1925 698 1972 eos
732 1903 770 1971 io
805 1901 943 1972 nomine
965 1899 1090 1972 Patris
1120 1909 1151 1971 el
1175 1900 1266 1971 Filii
1296 1909 1328 1972 et
1353 1882 1649 1995 Spiiteeom¹¹³⁹

460 2018 582 2087 suncti.
634 2016 778 2088 Falsum
807 2040 887 2114 erpo
916 2014 1155 2088 loerelicorum
1186 2014 1353 2110 baptismo
1383 2024 1415 2086 cl
1441 2016 1511 2086 ini·

461 2155 564 2226 quum
596 2133 741 2204 anobis
764 2131 960 2228 pellendum
988 2141 1045 2210 est,
1072 2141 1104 2202 el
1130 2132 1225 2202 omni
1250 2131 1511 2203 qcoisteslnliooe

461 2247 692 2343 refutandum,
709 2249 752 2320 de
774 2272 919 2344 quorum
940 2272 1000 2319 ore
1016 2249 1124 2329 virus,
1143 2271 1212 2319 non
1229 2249 1322 2326 vilo:
1349 2272 1410 2319 nec
1427 2271 1511 2345 prc-
1639 2343 1642 2348 .

461 2365 511 2434 lia
528 2363 680 2448 ccelesiis,
697 2365 759 2436 sed
778 2362 986 2460 blasphemia
1003 2362 1190 2435 Tiinitalis
1207 2365 1426 2458 eapiimilur.
1461 2363 1511 2436 El

461 2480 538 2553 ideo
555 2485 722 2553 venientes
739 2481 786 2551 od
797 2480 987 2552 Ecclesiam
1005 2478 1182 2550 loerelicos
1200 2481 1332 2577 intepro
1349 2490 1381 2552 et
1396 2478 1511 2552 callo-

460 2595 527 2668 lico
550 2597 749 2692 baptismate
774 2596 946 2691 baptizari
971 2594 1089 2667 delere
1113 2595 1333 2691 manifestum
1358 2605 1415 2678 est,
1433 2606 1510 2667 uta

459 2708 668 2804 blasphemio
692 2735 765 2783 succ
784 2712 1046 2806 praesunaelionis
1065 2712 1257 2805 ponficali,
1274 2713 1411 2806 possint
1426 2711 1509 2807 Spi-

459 2828 550 2896 ritus
565 2828 677 2898 sancti
694 2828 822 2924 ‘prolia
839 2827 1038 2923 rfformori.

511 2942 621 3013 Plane
655 2945 683 3014 si
717 2967 787 3013 non
822 2953 877 3014 est
911 2944 1107 3035 baptismus
1137 2942 1253 3014 Patris
1286 2954 1323 3014 et
1354 2944 1433 3015 Filii
1470 2956 1507 3017 et

460 3058 613 3151 Spiritus
630 3062 742 3129 sancti
764 3061 907 3128 nomine
930 3066 1164 3138 consecratus,
1183 3058 1508 3131 haereticorum'de-

458 3183 614 3266 putetur,
633 3184 670 3244 et
687 3176 885 3265 ⁸iniquusa
907 3174 1009 3244 nobis
1026 3174 1122 3242 omui
1140 3177 1397 3244 contestatione
1415 3176 1509 3247 refu·

459 3299 575 3360 tetur:
602 3291 631 3359 si
648 3300 768 3359 antem
788 3289 854 3359 hoe
871 3290 907 3358 iu
925 3311 969 3358 eo
986 3311 1117 3358 nomen
1134 3290 1366 3381 agnoscimus,
1380 3292 1507 3363 melius

459 3407 566 3476 verba
593 3406 808 3500 Evangeliea
833 3407 878 3476 ab
906 3406 1149 3475 hereticorum
1179 3428 1295 3475 errore
1321 3391 1506 3500 distingui·

457 3546 548 3604 mus,
569 3534 607 3594 et
632 3526 724 3616 quod
753 3527 789 3594 iu
817 3526 868 3594 eis
892 3523 1043 3616 probum
1066 3533 1120 3592 est
1146 3524 1392 3615 approbamus,
1410 3528 1503 3616 quod

456 3638 665 3708 mendosum
683 3648 737 3708 est
754 3639 996 3708 emendamus.

495 3804 609 3878 quud
623 3802 805 3878 Cypriorum,
820 3804 1004 3860 detestatione.
1048 3804 1086 3861 Et
1104 3806 1188 3879 paulo
1203 3815 1277 3880 post,
1293 3815 1323 3861 nt
1343 3825 1360 3861 u
1382 3806 1503 3881 blasphe-

453 3901 787 3975 mioesuoepraescmtione.
822 3899 968 3971 (Correxit
984 3900 1157 3975 cyprianum
1174 3903 1400 3975 posterioriloco
1419 3903 1502 3960 Balu·
1563 3916 1568 3921 “

454 3999 540 4070 zius.)

496 4108 507 4138 f
521 4095 622 4152 Nostri
638 4095 727 4153 MSS.
742 4096 833 4170 pluria
850 4096 1007 4171 reseratori.
1053 4098 1166 4166 (Gratia
1181 4107 1318 4173 praestant
1334 4098 1410 4168 mei.)

494 4202 506 4232 ⁸
522 4194 554 4248 in
570 4192 660 4249 MSS.
678 4193 806 4267 iniquum.
850 4192 907 4248 Sed
923 4193 1117 4249 Lovanienses
1132 4195 1250 4256 malunt,
1266 4203 1296 4250 ut
1317 4196 1345 4249 in
1363 4194 1503 4268 prioribus

453 4290 544 4354 editis,
560 4291 688 4364 iniquus:
710 4290 775 4362 quia
796 4290 823 4344 in
846 4290 1029 4363 responsione
1045 4291 1197 4364 Augustini
1218 4312 1275 4347 non
1295 4292 1436 4366 baptismo,
1452 4292 1502 4348 sed

453 4387 599 4461 baptismus
612 4387 735 4461 ponitur.
781 4386 917 4460 (Iniquum
933 4395 962 4441 et
975 4386 1055 4455 mei.)

937 4499 1012 4542 112
