3900 5167
533 451 598 514 252
900 448 932 511 S.
949 448 1219 512 AUGUSTINI

531 625 636 693 nibus
662 621 732 693 suis
757 622 793 691 in
821 622 921 692 istius
947 624 1060 692 carnis
1087 622 1315 707 mortalitate,
1332 633 1517 717 tamquam
1541 626 1576 695 in

533 742 723 836 caliginosa
760 740 855 811 nube
894 740 1103 824 laborantes,
1142 752 1184 811 ut
1222 743 1377 813 donante
1411 741 1574 825 Domino,

533 868 705 951 quantum
736 879 928 949 possumus,
956 857 1049 928 bona
1076 858 1152 949 ejus
1180 857 1372 928 imitemur.
1424 857 1465 929 Si
1494 860 1577 952 quid

532 985 652 1045 autem
674 975 777 1046 aliter
799 975 919 1057 sensit,
936 983 974 1044 et
997 974 1206 1065 quibusdam
1229 974 1396 1044 fratribus
1418 974 1577 1069 collegis·

532 1114 602 1182 que
620 1092 800 1183 persuasit,
818 1091 911 1182 quod
936 1112 1030 1159 nnuc
1052 1112 1095 1159 eo
1118 1112 1224 1181 quem
1244 1089 1371 1159 dilexit
1397 1091 1577 1162 revelante

526 1207 603 1299 jam
621 1207 744 1288 cernit,
762 1229 826 1277 nos
847 1205 951 1298 longe
973 1206 1124 1296 impares
1145 1205 1281 1275 meritis
1301 1206 1387 1289 suis,
1406 1205 1576 1278 Ecclesiae

533 1331 652 1392 tamen
681 1321 862 1393 catholiam
888 1321 1147 1402 auctoritatem,
1170 1320 1268 1411 cujus
1293 1321 1368 1412 ipse
1395 1322 1576 1416 egregium

533 1447 570 1509 et
588 1437 837 1509 ⁰clarissimum
855 1436 1055 1507 membrum
1072 1443 1138 1517 est,
1156 1458 1219 1527 pro
1235 1445 1355 1505 nostra
1371 1436 1576 1507 infirmitate

533 1563 720 1635 sectantes,
742 1553 907 1623 adversus
933 1552 1116 1622 haereticos
1142 1550 1198 1621 vel
1225 1550 1469 1622 schismaticos
1497 1576 1576 1622 eno

533 1671 676 1741 demus:
703 1692 790 1762 quos
820 1669 983 1761 praecisos
1013 1669 1058 1738 ab
1087 1669 1225 1738 unitate
1254 1690 1360 1759 quam
1388 1670 1516 1751 tenuit,
1540 1678 1576 1739 et

593 1871 606 1903 c
620 1860 739 1936 Aliquot
752 1859 842 1918 MSS.
857 1861 1037 1916 carissimum.
1080 1859 1197 1932 (Itidem
1211 1860 1302 1917 codex
1317 1859 1390 1917 alter
1404 1862 1507 1931 meus.)

532 2036 618 2082 rum;
654 2015 912 2073 increbescantibus
948 2032 1034 2089 porro
1069 2013 1223 2087 antiquitus
1258 2014 1478 2082 narrationibus,
1516 2034 1574 2088 qua

532 2104 724 2169 ostenderent,
740 2103 816 2177 ipsos
837 2101 979 2158 interdum
995 2100 1116 2158 Sanctos
1134 2109 1292 2175 operantes,
1307 2119 1366 2156 non
1384 2110 1501 2158 orantes
1513 2110 1573 2159 tan·

531 2197 602 2254 tum,
613 2189 749 2246 beneficia
763 2187 924 2245 hominibus
938 2186 1042 2243 Divino
1056 2186 1160 2242 auxilio
1174 2186 1313 2244 conferre.

573 2276 621 2340 Et,
633 2295 668 2332 ne
679 2275 771 2332 dicam
781 2273 931 2331 nonnullos
942 2272 1102 2348 Scriptores
1116 2272 1194 2329 affari
1209 2272 1350 2330 interdum
1364 2273 1443 2348 ipsos
1452 2273 1574 2339 Coelites,

531 2370 644 2418 constat
657 2362 750 2436 palam
768 2381 801 2418 ac
820 2361 931 2436 publice
948 2360 1122 2435 postulatum
1136 2378 1198 2416 esse
1218 2359 1253 2416 ab
1267 2360 1340 2435 Imp.
1355 2360 1518 2417 Theodosio
1532 2361 1572 2417 M.

531 2445 685 2505 S.Joannis
691 2448 826 2522 Baptistae
834 2447 976 2505 auxilium.
991 2448 1097 2503 Verum
1105 2446 1416 2504 indute-Nicanorum
1425 2447 1504 2504 libris
1512 2466 1574 2503 nus·

530 2554 614 2609 quam
629 2536 662 2592 fit
675 2535 782 2592 mentio
796 2543 845 2591 aut
855 2534 1039 2590 formularum
1052 2533 1082 2588 in
1096 2533 1209 2607 publico
1223 2534 1300 2591 cultu
1314 2533 1515 2599 adhibiturum,
1527 2552 1573 2590 sen

530 2623 699 2697 scriptarum
714 2641 763 2678 seu
777 2642 834 2679 non
849 2621 1025 2695 scriptarum,
1037 2629 1086 2677 aut
1100 2621 1220 2677 ullorum
1233 2621 1424 2696 Hymnorum,
1436 2622 1465 2677 in
1477 2622 1573 2696 quibus

531 2707 628 2767 Sancti
647 2710 683 2766 ad
697 2709 929 2766 intercedendum
943 2727 1007 2764 cum
1021 2707 1083 2763 Deo
1103 2708 1278 2765 invocantur.
1321 2708 1355 2764 In
1369 2709 1534 2784 Martyrum
1546 2717 1572 2764 et

529 2797 648 2853 aliorum
664 2798 821 2873 Epitaphiis
836 2796 995 2853 istiusmodi
1009 2796 1159 2869 petitiones
1173 2797 1217 2852 vel
1232 2796 1380 2852 rarissimae
1396 2805 1472 2853 sunt.

571 2886 614 2942 De
624 2885 669 2942 his
680 2895 773 2942 autem
785 2886 869 2941 rebus
882 2885 969 2940 habes
985 2883 1015 2940 S.
1027 2884 1228 2959 Augustinum,
1239 2884 1286 2957 qui
1296 2884 1342 2940 hic
1353 2893 1435 2958 optat
1449 2884 1572 2959 adjuvari

531 2972 665 3047 Cypriani
683 2973 822 3045 precibus,
838 2972 977 3028 simillime
1000 2991 1032 3026 ae
1053 2971 1182 3044 precibus
1203 2971 1329 3044 adjuvari
1345 2972 1496 3027 Bradiordi
1511 2981 1571 3046 post

530 3072 650 3116 mortem
666 3062 727 3133 ejus
745 3069 839 3133 sperat
855 3060 990 3122 Ridleins,
1006 3059 1070 3114 alibi
1092 3059 1133 3114 ita
1149 3059 1350 3122 disserentem3
1381 3058 1420 3115 Se
1443 3059 1571 3115 nimirum

530 3147 680 3203 decernere
708 3166 765 3201 non
794 3166 893 3201 ausum
918 3164 990 3209 esse,
1014 3146 1249 3219 quemadmodum
1275 3145 1373 3202 Sancti
1401 3146 1572 3220 opitulentur

529 3233 700 3296 hominibus
716 3241 809 3288 utrum
830 3252 880 3309 per
899 3251 928 3288 se
947 3232 1023 3305 ipsos
1042 3233 1144 3297 adsint,
1159 3251 1194 3287 uu
1210 3232 1275 3305 ipsis
1289 3235 1317 3288 iu
1333 3235 1389 3287 loco
1403 3235 1460 3289 sais
1475 3236 1571 3288 meritis

528 3338 646 3393 conpruo
661 3320 695 3374 ab
710 3322 781 3374 ouini
799 3322 953 3375 mortalium
971 3322 1170 3375 crruoersctione
1183 3323 1300 3383 remotio,
1315 3329 1341 3375 et
1356 3328 1445 3376 tontes
1459 3340 1569 3395 peraeru-

528 3408 590 3462 litcr
604 3407 742 3460 orantibus
757 3426 808 3478 pro
828 3409 981 3480 iudipeutiis
997 3409 1216 3479 supplicantium,
1234 3407 1315 3477 (sicut
1332 3425 1380 3463 nos
1398 3427 1509 3463 ordinas
1524 3427 1571 3480 pro

526 3495 649 3557 mortuis,
676 3494 770 3564 quibus
795 3496 886 3565 utique
910 3510 963 3546 nou
985 3500 1190 3565 presentemur,
1216 3512 1262 3547 nco
1288 3493 1332 3547 ubi
1359 3494 1413 3548 siut
1438 3496 1482 3548 vel
1510 3494 1571 3566 quid

526 3586 612 3650 agunt
627 3581 735 3648 scimus)
755 3580 829 3633 Deus
844 3582 1010 3652 oatnipotcua
1028 3582 1073 3651 qui
1091 3586 1130 3633 est
1149 3579 1246 3651 ubique
1264 3597 1387 3651 praeseus,
1403 3599 1452 3635 uec
1467 3601 1569 3636 concre-

528 3674 572 3720 tus
597 3666 680 3727 nobie,
705 3684 753 3720 uec
776 3674 893 3721 remotus
917 3685 934 3720 c
959 3667 1043 3729 nobis,
1069 3668 1213 3721 erartdieua
1239 3674 1389 3738 mmtyrum
1410 3687 1503 3740 preces
1524 3688 1571 3741 per

528 3753 660 3825 Ampeliou
689 3754 836 3806 ministerio
866 3771 1053 3825 usquequaque
1079 3752 1178 3824 diffusa
1203 3753 1321 3825 praebeat
1346 3754 1495 3810 homiuibus
1521 3759 1570 3810 istc

527 3841 635 3901 solutio,
660 3840 756 3911 quibus
780 3839 809 3892 in
834 3839 914 3910 liujus
938 3841 999 3894 zritae
1023 3841 1135 3895 uiuariis
1150 3840 1263 3910 judicat
1287 3859 1341 3896 esse
1361 3843 1526 3913 praebendo:
1547 3852 1570 3898 et

527 3943 636 3980 suorum
650 3925 746 3979 merita
760 3934 910 3998 martyram
923 3925 969 3980 ubi
982 3925 1048 3990 vult,
1063 3928 1167 3999 quaudo
1180 3926 1248 3988 vult,
1263 3927 1390 3999 quomodo
1404 3929 1472 3996 vult,
1488 3930 1570 3985 maai-

528 4030 619 4084 raeque
624 4031 677 4085 per
685 4030 775 4067 eorum
787 4014 936 4076 memorias,
948 4015 1098 4084 (quaesunt
1110 4013 1185 4068 aedes
1197 4021 1225 4068 et
1234 4013 1356 4068 radiculae
1366 4014 1429 4070 Deo
1439 4016 1570 4080 sacrae,in

528 4097 693 4152 memoriam
708 4106 863 4171 martyrum
878 4107 988 4161 erectae,
1003 4098 1031 4152 in
1049 4097 1150 4170 quibus
1170 4098 1229 4153 sitae
1244 4108 1310 4154 sunt
1324 4099 1447 4173 reliquiae
1462 4104 1570 4172 eorum)

528 4183 651 4254 quoniam
667 4184 716 4238 inc
729 4184 803 4239 nouit
817 4185 942 4258 expedire
956 4184 1031 4239 nobis
1049 4187 1085 4240 ad
1102 4186 1284 4258 aedificandam
1294 4187 1379 4259 fidem
1395 4186 1509 4252 Christi,
1520 4209 1570 4263 pro

528 4268 604 4338 cujus
618 4268 662 4322 illi
675 4269 841 4341 confessione
850 4279 913 4325 suut
922 4270 1010 4345 passi,
1023 4271 1143 4325 mirabili
1157 4280 1237 4345 atque
1251 4272 1382 4344 imeffabili
1393 4282 1528 4345 potestate
1541 4295 1571 4329 oc

528 4352 645 4409 bonitate
667 4357 835 4412 commendet.
880 4358 926 4411 De
952 4358 1024 4412 Cura
1048 4357 1107 4412 Pro
1130 4358 1255 4413 Mortuis
1280 4358 1413 4421 Gerenda,
1439 4380 1500 4434 cap.
1525 4361 1569 4415 28,

528 4457 576 4495 seu
594 4441 638 4495 16.
654 4461 681 4515 p.
692 4442 760 4515 528.
776 4452 844 4498 tom.
854 4444 890 4498 V.
906 4444 973 4500 edit.
990 4444 1193 4500 Benedictinae.
1227 4445 1386 4501 assumitur
1400 4447 1446 4502 hic
1461 4449 1496 4503 ab
1511 4449 1567 4502 Au-

528 4527 643 4596 gustino
659 4528 855 4585 miraculorum
871 4532 1046 4603 quorundam
1065 4540 1130 4588 ante
1145 4551 1161 4587 a
1175 4551 1205 4588 sc
1220 4541 1397 4589 narratorum
1411 4534 1538 4605 veritas]
