3900 5167
823 357 1128 422 ARCHELAUS.
1456 356 1497 417 21

452 528 562 592 betam
586 527 794 605 Tibetanum,
809 527 858 591 vir
879 529 962 592 alter
981 527 1212 592 eruditissimus
1232 526 1415 591 eorumdem
1432 527 1498 589 Ac⁴

452 638 558 694 torum
573 629 793 715 integritatem
807 637 919 694 contra
940 630 1109 715 praefatum
1125 629 1354 693 Beauscbrium
1369 634 1500 692 strenue

451 754 669 817 propugnasse
698 732 890 818 comperitur
921 733 1092 813 (Tremo,
1116 731 1200 798 Stor.
1224 732 1294 797 crit.
1321 730 1401 795 delle
1425 730 1500 795 Vita

451 834 534 919 degli
552 834 641 898 Eres.
659 842 779 898 tumr.
796 857 869 920 pag.
883 852 954 919 215,
972 843 1005 899 et
1020 839 1135 919 seqq).

496 934 581 998 Illud
602 943 758 1020 praeterea
778 957 850 999 cum
871 935 939 998 viro
963 936 1059 999 docto
1080 934 1332 999 animadvertere
1354 934 1499 1008 interest,

452 1039 483 1119 ᾗ.
495 1036 539 1101 iii.
554 1036 637 1101 illius
651 1038 820 1123 fragmenti
831 1040 988 1103 Actorum
1001 1037 1227 1123 disputationis
1239 1035 1398 1112 Archelai,
1414 1035 1498 1118 quod

451 1161 491 1202 ex
511 1138 619 1224 Gyrilli
644 1139 927 1225 Hierosolymitani
948 1139 1115 1205 Catechesi
1132 1140 1172 1202 vi.
1188 1140 1370 1202 desumtum
1388 1138 1499 1201 iisdem

451 1241 548 1305 Actis
556 1242 733 1326 subjicitur,
743 1241 1035 1327 Hierosolymitano
1044 1240 1151 1327 potius
1161 1241 1309 1326 episcopo
1319 1261 1415 1324 quam
1423 1239 1499 1303 Oas-

449 1343 594 1406 charensi
604 1366 672 1407 esse
683 1343 818 1408 sortasse
830 1344 1044 1408 tribuendum.
1089 1342 1141 1406 Sia
1156 1343 1238 1406 euim
1254 1341 1305 1405 ille
1318 1342 1445 1422 (Tace
1456 1341 1498 1406 ad

450 1466 524 1528 opp.
536 1443 684 1529 §.Cydni
696 1444 821 1509 Hieros.
833 1468 863 1530 p.
874 1465 911 1509 ro
911 1446 948 1529 5)
961 1470 969 1508 z
985 1453 1005 1483 “
1017 1444 1159 1508 Tametsi
1169 1443 1246 1520 haec,
1258 1442 1373 1527 inquit,
1384 1442 1427 1505 ab
1440 1442 1498 1505 ini-

450 1555 472 1584 “
485 1546 533 1610 tio
542 1546 733 1631 paragraphi
743 1546 788 1609 iii.
800 1568 900 1631 usque
912 1546 954 1609 ad
966 1546 1073 1618 finem,
1085 1544 1234 1609 Archelai
1247 1545 1350 1608 verbis
1361 1544 1499 1629 Cyrillus

449 1657 471 1683 “
488 1647 593 1712 dicere
615 1648 781 1721 videatur;
806 1671 902 1733 quum
925 1648 968 1711 ibi
991 1648 1150 1733 subjiciat,
1167 1647 1352 1731 Hujuamodi
1371 1647 1500 1732 aliisque

450 1757 471 1788 “
480 1749 626 1833 pleribus
640 1751 729 1815 dictis
743 1749 928 1815 molatur
941 1750 1035 1814 draco
1045 1775 1055 1812 :
1071 1748 1183 1813 lalilas
1191 1748 1361 1813 Archelaus
1371 1751 1499 1813 Manem

400 1916 407 1924 ,
451 1862 473 1891 “
487 1853 755 1938 conflictationibus
763 1852 991 1940 praetensam,-
1015 1853 1099 1917 unde
1115 1852 1292 1937 Zacagnius
1310 1852 1377 1916 haec
1392 1852 1499 1917 omnia

451 1963 470 1991 “
485 1956 528 2018 ad
549 1956 667 2021 calcem
687 1956 912 2042 disputationis
929 1955 1078 2019 Archelai
1099 1962 1262 2038 tamquam
1285 1961 1409 2038 partem
1430 1954 1499 2038 ejus

450 2065 472 2093 “
487 2079 595 2121 veram
609 2059 775 2144 appinxit:
798 2058 1001 2122 nihilominus
1020 2057 1052 2119 in
1073 2057 1133 2119 hoc
1153 2055 1223 2119 loco
1238 2055 1387 2119 Archelai
1404 2057 1498 2120 verba

450 2168 472 2198 “
488 2160 642 2237 desinere,
659 2169 692 2225 et
711 2171 827 2238 cetera,
842 2161 884 2224 ab
904 2159 954 2223 his
969 2159 1083 2233 verbis,
1101 2157 1139 2221 Si
1152 2167 1251 2221 aulam
1267 2159 1322 2221 &a
1339 2180 1438 2241 usque
1455 2160 1497 2222 ad

451 2268 470 2297 “
486 2261 593 2339 linem,
618 2284 639 2327 a
666 2262 786 2348 Cyrillc
809 2260 1010 2346 parenthesis
1037 2260 1112 2336 vice,
1142 2258 1291 2323 Archelai
1321 2259 1499 2324 rationibus

451 2370 471 2399 “
484 2364 613 2447 adjecta
624 2386 797 2429 censemus.
830 2363 951 2428 Saltem
962 2362 1102 2426 dubitari
1114 2383 1178 2424 non
1194 2370 1301 2446 potest
1312 2361 1387 2445 quin
1400 2362 1498 2427 verba

452 2475 470 2503 “
486 2472 579 2530 ταῦτα
589 2471 627 2530 τὰ
636 2467 782 2549 μυστήρια
793 2466 922 2531 inferius
930 2466 1048 2551 posita,
1060 2463 1171 2549 Cyrilli
1183 2464 1246 2527 sint
1259 2486 1322 2527 non
1335 2465 1496 2541 Archelai,

452 2573 471 2604 “
486 2568 611 2632 duabus
625 2569 802 2633 rationibus
817 2590 889 2653 quae
904 2589 997 2631 omne
1012 2572 1164 2650 punctum
1175 2565 1334 2629 adferunt.
1374 2567 1400 2629 1.
1414 2566 1497 2631 enim

453 2679 472 2706 “
485 2671 543 2747 ait,
555 2671 708 2755 mysteria
723 2692 793 2755 quae
809 2692 892 2733 nunc
906 2670 1049 2733 audienti
1066 2691 1083 2732 e
1102 2667 1398 2732 catechumenorum
1410 2675 1497 2733 sorte

452 2782 473 2810 ⁴⁸
488 2796 615 2858 egresso
640 2774 781 2858 exponit,
810 2773 931 2837 licitum
960 2794 1024 2835 non
1049 2792 1118 2834 esse
1144 2768 1323 2833 Gentilibus
1350 2769 1494 2854 aperire;

451 2880 472 2911 “
487 2885 585 2957 atque
611 2873 643 2935 in
665 2873 713 2936 his
742 2874 901 2957 mysteriis
926 2873 1070 2937 nominat
1095 2871 1301 2936 sanctissimae
1329 2871 1497 2937 Trinitatis

453 2975 675 3039 “doctrinam
730 2976 832 3060 Atqui
856 2984 892 3040 ut
918 2976 987 3038 haec
1009 2975 1152 3059 apprime
1174 2973 1364 3037 conveniunt
1387 2972 1496 3057 Oyrilli

454 3085 471 3111 “
485 3076 727 3154 auditoribus‚e
747 3078 1043 3141 catechumenorum
1064 3083 1151 3140 statu
1174 3075 1361 3139 infidelium
1381 3096 1496 3139 nomen

453 3188 473 3215 “
488 3202 526 3242 ac
548 3180 684 3265 gradum
704 3180 879 3258 translatis,
901 3180 1018 3243 Calact.
1034 3202 1062 3241 v.
1080 3181 1109 3261 ξ.
1125 3199 1151 3242 ι.
1173 3178 1287 3263 quibus
1310 3175 1495 3263 mysterium

454 3281 655 3345 “Trinitatis
672 3281 840 3345 ccccliv.
863 3281 1045 3364 planissime
1064 3287 1234 3365 aperuerat
1244 3305 1253 3356 ;
1276 3280 1322 3344 ita
1344 3302 1407 3343 non
1424 3302 1495 3344 con-

454 3391 472 3421 “
488 3385 618 3448 veniunt
634 3383 771 3460 Maneti‚
785 3384 838 3469 qui
859 3384 975 3468 Oyrillo
991 3391 1074 3447 teste
1092 3382 1209 3447 Oatccl.
1226 3382 1264 3447 vi.
1282 3384 1312 3464 ᾗ.
1328 3402 1377 3446 21.
1394 3403 1495 3466 neque

453 3484 686 3549 “Christianus
707 3507 865 3569 umquam,
882 3508 983 3569 neque
1005 3486 1046 3548 ab
1069 3484 1200 3548 ecclesia
1223 3484 1357 3569 rejectus
1380 3484 1493 3562 fuerat,

455 3589 604 3651 “nedum
627 3588 869 3651 catechumenus
888 3595 945 3651 aut
970 3588 1266 3651 catechumenorum
1289 3587 1423 3671 gradum
1444 3609 1494 3651 sn·

455 3700 474 3727 ‘⁸
488 3711 680 3774 pergressus,
704 3697 800 3773 atque
826 3690 873 3753 ita
898 3689 1036 3752 ecclesiae
1059 3688 1141 3751 filius
1164 3689 1267 3752 factus
1293 3694 1386 3759 esset,
1414 3688 1494 3750 Pro

455 3801 472 3828 “
485 3792 593 3855 catech.
612 3794 641 3874 ξ.
654 3792 718 3856 xiii.
767 3792 849 3855 Nam
875 3793 1119 3855 catechumenos
1145 3813 1178 3854 re
1202 3812 1277 3854 vera
1300 3789 1342 3853 ab
1364 3788 1494 3853 ecclesia

456 3892 570 3977 “rejici
592 3893 707 3977 probat
723 3892 858 3968 Lucifer,
874 3892 926 3976 qui
947 3893 979 3956 in
995 3892 1075 3956 libro
1090 3893 1138 3955 De
1152 3913 1211 3955 aaa
1226 3890 1420 3955 conveniendo
1437 3892 1492 3954 &c

455 3994 708 4059 “Constantium
727 3995 950 4079 imperatorem
971 4003 1063 4058 vocat
1084 3993 1230 4057 homiuem
1249 3993 1377 4057 moinum
1397 4014 1412 4055 c
1431 4014 1493 4056 cor·

457 4106 554 4181 “pore
568 4106 682 4160 saunoe
696 4097 832 4160 ecclesie.
960 4165 963 4171 Α

493 4206 510 4234 “
529 4198 596 4261 Ait.
616 4199 665 4261 ll.
691 4221 760 4282 quae
788 4221 869 4261 nunc
894 4198 1046 4281 mysteria
1071 4198 1138 4261 sine
1162 4198 1328 4261 involucris
1352 4196 1490 4279 exponit,

459 4299 572 4363 “nefas
591 4323 659 4363 esse
681 4321 787 4363 coram
809 4300 980 4383 gentilibus
1002 4299 1154 4383 proloqui.
1203 4300 1310 4381 Atque
1332 4298 1364 4360 in
1383 4296 1496 4362 Gentis
