3900 5167
791 452 1091 517 DISPUTATIO
1422 452 1466 519 65

418 624 612 722 ἐπιθυμίας,
631 626 691 703 καὶ
717 621 776 702 διὰ
804 631 909 702 τοῦτο
927 621 1116 726 ’ἁπλάριοι
1134 632 1381 725 προσκυνοῦσι
1398 624 1463 719 τὴν

418 748 611 846 ἒπιθυμξον,
649 748 744 829 θεὸν
779 746 891 848 αὐτὴν
925 749 1125 849 ἡγούμενοι.
1189 752 1280 851 Περὶ
1321 749 1359 828 δὲ
1399 757 1463 829 τοῦ

418 871 536 972 Αδὰμ
575 879 655 958 πῶς
694 876 852 975 ε’κτιοθη,
889 876 988 976 λέγει
1025 876 1149 959 οὕτως.
1198 875 1252 955 ὅτι
1288 878 1309 955 ὁ
1345 874 1464 974 εἰπὼν,

418 1005 539 1095 Δεῦτε,
557 1002 617 1078 καὶ
642 1000 852 1100 ποιήσωμεν
878 1001 1069 1103 ἅνθρονκον
1099 1003 1174 1079 κατ’
1195 999 1311 1080 εἰκόνα
1337 1001 1461 1099 viperi-

418 1158 492 1221 ραν,
516 1128 575 1205 καὶ
607 1130 684 1206 καθ
711 1125 939 1226 ὁμοίωσιν,ἢ
971 1128 1048 1207 καθ
1074 1125 1120 1225 ἣν
1147 1126 1283 1225 εἴδομεν
1308 1124 1463 1233 μορφὴν,

418 1248 561 1356 Ἀρχων
591 1254 702 1350 ἐστὶν,
729 1254 750 1332 ὃ
781 1250 889 1333 εἰπὼν
920 1260 995 1336 τοῖς
1024 1253 1154 1356 ἑτέροις
1168 1250 1383 1357 Ἀρχουσιν,
1409 1253 1464 1331 ὅτι

418 1380 526 1475 δεῦτε,
544 1376 625 1457 δότε
648 1413 711 1477 μοι
735 1382 774 1459 ἐκ
799 1388 863 1459 τοῦ
887 1377 1018 1483 φορὸν,
1036 1377 1283 1476 οδὲλάβομεν,
1303 1383 1360 1458 καὶ
1377 1413 1460 1459 ποι·

418 1504 562 1607 loom
592 1509 782 1613 ἄνθρωπον
814 1507 906 1589 κατὰ
939 1506 1006 1608 τὴν
1031 1509 1132 1608 ἡμῶν
1159 1514 1232 1587 τῶν
1256 1505 1463 1612 Ἀρχόντων

418 1632 572 1741 μορφὴν,
592 1637 689 1715 ικαθ
708 1634 754 1735 ἢν
771 1634 918 1735 εἴδομεν,
942 1637 964 1714 ὃ
992 1636 1070 1715 ἐστὶ
1095 1641 1237 1738 πρῶτος
1262 1634 1460 1736 ἄνθρωπος·

418 1825 563 1899 acantiaes
595 1832 630 1891 at
657 1834 840 1913 propteroa,
864 1826 912 1891 in·
964 1848 1062 1913 quam
1108 1826 1251 1891 videmus
1301 1826 1460 1901 formam

418 1911 497 1997 quit,
524 1912 748 1997 2simpliciores
775 1913 914 1978 adorant
965 1912 1079 1977 Prinne
1140 1919 1198 1987 cst,
1217 1911 1271 1997 qui
1293 1912 1362 1976 haeo
1384 1911 1463 1977 dicit

418 1997 710 2082 concupiscentiam,
720 1999 828 2063 Deum
842 2019 913 2062 cam
963 1998 1006 2062 ad
1029 2020 1067 2061 co
1090 2018 1166 2083 ogas
1189 2018 1263 2061 snos
1288 1997 1461 2082 Principes,

418 2088 573 2167 putantes.
624 2082 675 2148 Dc
703 2082 809 2148 Adam
838 2104 913 2147 voro
937 2085 939 2090 ’
962 2082 996 2147 id
1016 2090 1076 2157 cst,
1095 2081 1210 2158 venite,
1225 2082 1301 2146 dato
1322 2082 1399 2145 milri
1422 2083 1462 2147 de

418 2166 573 2315 ppomodo
600 2177 727 2234 creatus
760 2168 815 2245 ait,
843 2167 913 2231 ⁸ita
962 2167 1089 2245 lumine,
1112 2167 1198 2253 quod
1219 2165 1406 2251 accepimus,
1428 2176 1462 2233 ot

437 2252 504 2329 hit,
530 2254 606 2339 quia
634 2254 688 2338 qui
713 2253 810 2325 dicits
836 2253 912 2317 'Vc
961 2252 1114 2318 faciamus
1153 2252 1324 2316 secundum
1360 2266 1460 2317 cnos-

418 2336 484 2436 δία,
502 2338 665 2438 sociamus
694 2337 844 2440 homiaem
868 2336 915 2401 cd
961 2345 1055 2415 tram,
1076 2336 1131 2423 qui
1154 2337 1318 2423 Principes
1341 2359 1460 2415 sumus,

418 2423 912 2587 mmmm
961 2422 1461 2593 lfflltitiillllthtl:

451 2686 467 2719 ²
487 2678 567 2749 Quid
585 2678 754 2738 Mamchaeis
774 2680 916 2753 ἁπλορίυν.
931 2698 989 2737 vox
1009 2679 1197 2755 significaret,‘
1214 2677 1344 2737 Eruditis
1363 2669 1466 2755 exploss

418 2777 534 2837 randum
547 2777 662 2853 reliquit
675 2777 819 2835 Patavina.
861 2776 971 2833 Varum
992 2776 1047 2833 hoc
1067 2777 1183 2834 nomine
1204 2776 1367 2843 catholicos.
1382 2780 1462 2852 quasi

418 2875 600 2952 limpidiores,
619 2882 653 2932 ut
675 2874 808 2949 antiquus
834 2873 940 2931 latinus
963 2872 1105 2949 interpres
1127 2874 1273 2932 transtulit
1296 2874 1333 2931 ab
1354 2874 1461 2933 eisdem

418 2969 577 3047 lesignatos
600 2967 686 3027 fuisse
711 2987 748 3027 ex
773 2969 1026 3035 anathematismis,
1052 2988 1123 3044 quos
1150 2969 1218 3027 olim
1244 2970 1320 3045 apud
1343 2969 1461 3028 Graecos

418 3066 522 3125 sublioe
543 3066 712 3124 emittebant
725 3065 852 3124 Manetis
872 3066 998 3132 asseclae,
1013 3066 1050 3124 ad
1062 3066 1231 3124 catholicam
1244 3067 1330 3124 fidem
1343 3066 1460 3124 venien·

418 3182 454 3222 ea
475 3164 578 3239 probat
591 3162 758 3239 Ducaugius
780 3161 809 3219 in
829 3162 977 3220 Glossario
998 3162 1108 3228 media,
1122 3170 1152 3219 et
1169 3162 1275 3219 infimae
1289 3162 1458 3220 Graecitatis.

418 3260 490 3319 liale
509 3269 605 3318 autem
623 3260 653 3317 in
667 3260 807 3317 Cesarea
826 3260 1007 3317 bibliothecae
1029 3259 1135 3335 scripto
1155 3259 1262 3325 codice,
1276 3279 1313 3316 ex
1326 3278 1382 3334 quo
1395 3279 1458 3318 eus·

418 3358 476 3416 lem
489 3356 743 3415 anathematismos
757 3375 775 3414 a
787 3357 945 3414 clarissimo
958 3356 1021 3413 viro
1030 3356 1049 3413 J
1050 3356 1138 3413 acobo
1152 3356 1243 3412 Tollio
1257 3355 1458 3416 humanissime

418 3454 569 3528 leseriptcs
592 3453 693 3519 habeo,
715 3472 768 3528 pro
790 3454 942 3526 ἁπλορῖουο,
965 3452 1097 3510 scribitur
1120 3451 1302 3525 ‹inlcrcpc'ovo
1343 3452 1458 3511 Meliori

418 3570 507 3609 amen
517 3549 655 3607 vocabulo
669 3568 719 3607 eos
732 3552 929 3623 ἁπλουστέρους
938 3558 1022 3608 vocat
1033 3550 1136 3607 Manes
1149 3550 1178 3606 in
1193 3549 1312 3624 epistola
1325 3551 1361 3607 ad
1375 3551 1455 3609 Mar·

418 3648 512 3707 >ellum
526 3647 654 3721 superius
668 3647 766 3705 relata.

448 3754 466 3786 ⁸
486 3743 568 3801 Idem
589 3743 680 3800 codex
695 3740 882 3816 (Bobiensis),
904 3743 944 3799 ita
964 3743 1042 3800 dicit.
1082 3742 1184 3799 Venite.
1221 3742 1280 3800 Sed
1297 3743 1358 3800 haec
1378 3764 1457 3803 mera

418 3848 452 3899 st
476 3839 584 3896 librarii
611 3839 801 3897 hallucinatio.
844 3839 987 3897 Caeterum
1012 3838 1109 3897 dolose
1137 3848 1301 3914 corruptum
1324 3840 1411 3898 fuisse
1439 3861 1456 3898 a

418 3937 528 3994 nancte
547 3934 623 3992 huno
638 3934 783 3992 Geneseos
804 3936 898 3993 locum
920 3933 1063 3994 additione
1082 3935 1168 4001 vocis,
1192 3936 1288 4002 venite,
1310 3937 1391 3995 testis
1411 3946 1455 3995 est

418 4032 585 4107 Epiphanius
597 4050 674 4089 num.
691 4033 737 4107 56.

449 4127 464 4163 b
484 4128 566 4186 Idem
580 4129 680 4191 codex,
695 4138 721 4185 et
734 4129 885 4185 cenandum.

449 4235 462 4267 ⁶
483 4224 584 4283 Codex
599 4225 755 4290 Bobiensis‚
770 4233 898 4290 nostram,
913 4244 972 4300 quc.
995 4226 1078 4283 lectio
1092 4225 1285 4300 improbanda.

489 4376 497 4399 ¹
520 4371 591 4427 Gen.
608 4372 625 4427 l.
638 4371 685 4427 26.
839 4378 846 4401 ¹
871 4372 950 4444 [For.
963 4374 1003 4426 sal
1017 4371 1070 4427 καθ
1086 4371 1116 4441 ἦν
1129 4370 1240 4442 εἴδομεν,
1256 4371 1270 4425 δ
1284 4373 1365 4446 ἐστὶ]

454 4485 519 4528 Vola.
535 4488 564 4529 V.
920 4486 943 4527 K
