3900 5167
545 450 608 515 156
759 453 1012 518 ARCHELAI
1044 456 1108 519 ET
1140 456 1363 521 MANBTIS

543 621 680 719 bgloria
696 629 753 696 sit.
807 629 933 719 Neque
951 652 1033 698 vero
1051 632 1238 723 omnigene
1263 633 1300 701 in
1326 625 1581 725 ignobilitatem

538 742 722 832 redigitur,
751 744 845 835 qaod
873 736 1111 815 '‘destruetnr.
1162 745 1254 816 Cum
1281 749 1378 817 enim
1404 748 1453 819 de
1477 748 1583 842 gloria

540 859 698 949 disputat
715 858 906 950 Scriptura,
925 857 1058 931 dscisse
1077 882 1115 929 se
1134 860 1347 932 differentias
1371 862 1494 956 gloriae
1518 874 1582 933 tes·

541 983 645 1055 tatur,
673 972 775 1044 ¹Alia
805 975 906 1057 enim,
937 976 1061 1067 inquit,
1087 974 1223 1072 egloria
1251 974 1343 1059 solis,
1374 975 1448 1048 alia
1471 976 1581 1075 ylario

536 1083 642 1171 lance,
656 1087 727 1159 alia
740 1086 855 1185 pieria
872 1087 1070 1170 stellarum:
1095 1089 1192 1162 stella
1208 1092 1300 1161 enim
1317 1115 1339 1162 a
1355 1091 1454 1164 seda
1471 1092 1581 1189 differt

538 1205 576 1273 r'a
589 1203 714 1301 gloria.
750 1204 789 1274 Si
807 1206 901 1274 enim
919 1205 971 1275 sol
989 1206 1157 1297 majorem
1175 1207 1284 1276 babet
1299 1206 1461 1300 gloriam,
1477 1232 1580 1301 quam

537 1320 629 1402 luna,
652 1344 722 1390 nou
749 1323 918 1390 continno
944 1323 980 1390 in
1006 1322 1266 1415 ignobilitatem
1290 1320 1375 1392 luna
1400 1323 1579 1417 redigitur.

537 1435 595 1506 Ita
616 1446 653 1506 et
673 1438 701 1506 si
726 1437 901 1506 Dominus
926 1459 1027 1505 meus
1043 1434 1066 1505 J
1069 1459 1148 1506 esus
1165 1435 1325 1507 Christus
1349 1435 1521 1528 praecellit
1545 1438 1580 1507 in

534 1551 646 1643 gloria
680 1551 842 1644 Moysen,
877 1560 1047 1642 tanquam
1084 1550 1259 1622 Dominus
1290 1552 1477 1635 famulum,
1509 1575 1580 1622 non

532 1669 703 1736 contiuno
726 1668 925 1759 respuenda
942 1676 997 1737 est
1022 1666 1134 1760 gloria
1151 1665 1290 1759 Moysi;
1317 1669 1367 1737 ita
1384 1668 1481 1737 enim
1500 1690 1579 1760 pos·

533 1804 654 1852 sumus
681 1784 882 1853 satisfacere
908 1783 1136 1864 auditoribus,
1163 1784 1256 1853 sicut
1284 1792 1321 1853 et
1346 1783 1444 1853 verbi
1472 1783 1578 1875 ipsius

532 1896 677 1968 ‘natura
694 1899 890 1990 persuadet,
908 1921 953 1967 ex
980 1898 1181 1990 Scripturis,
1199 1922 1277 1990 quae
1302 1898 1465 1981 dicimus,
1486 1899 1578 1969 affir-

530 2024 678 2093 mantes,
709 2014 764 2083 vel
800 2024 897 2083 certe
933 2014 1039 2083 etiam
1076 2014 1247 2106 exemplis
1281 2037 1324 2085 ea
1357 2015 1575 2085 manifestius

529 2131 808 2221 comprobantes.
861 2129 900 2200 si
924 2132 1003 2220 quis
1030 2130 1207 2200 lucernam
1233 2131 1434 2200 accenderit
1457 2140 1575 2212 noctu,

529 2266 610 2312 cunr
628 2243 680 2313 sol
697 2253 795 2313 ortus
812 2245 929 2327 fuerit,
947 2268 1055 2336 parvo
1073 2244 1224 2314 lucernae
1241 2246 1324 2336 igne
1341 2266 1411 2314 non
1430 2244 1573 2337 indiget,

529 2368 673 2451 propter
697 2360 917 2452 splendorem
940 2360 1023 2430 solis
1049 2361 1180 2451 ubique
1203 2360 1391 2444 radiantis;
1417 2362 1479 2431 sed
1504 2383 1572 2430 non

526 2475 608 2544 ideo
633 2476 763 2566 abjecit
788 2475 979 2558 lucernam,
1004 2475 1114 2545 veluti
1142 2476 1352 2545 contrariam
1376 2475 1465 2559 soli;
1491 2478 1573 2568 quin

526 2593 644 2682 potius
662 2601 843 2683 comperto
860 2593 936 2683 ejus
954 2614 1029 2673 usu,
1044 2593 1152 2661 etiarn
1167 2591 1372 2683 diligentius
1388 2602 1406 2649 ⁸
1411 2593 1571 2661 servavit

527 2707 729 2777 Custodivit
763 2731 847 2799 ergo
878 2707 1048 2799 populum
1083 2705 1141 2775 lex
1173 2705 1293 2798 Moysi
1321 2715 1491 2798 tanquam
1521 2706 1571 2775 lu-

564 2870 579 2913 b
595 2874 694 2930 Codex
717 2874 835 2929 Bobieu.
852 2883 880 2928 et
899 2874 945 2928 hic
965 2883 1125 2946 corruptam
1147 2873 1298 2928 lectionem
1320 2873 1445 2937 exhibet,
1462 2893 1569 2950 nempe,

521 2972 612 3044 ylario
621 2996 630 3035 ;
653 2990 735 3045 aeque
748 2990 820 3033 vero,
836 2971 906 3025 omni
919 2989 1015 3044 genere
1029 2971 1056 3025 ia
1071 2971 1218 3026 nobilitate.
1240 2970 1371 3027 Valesius
1383 2980 1460 3027 recte
1475 2990 1568 3028 emen-

523 3068 580 3131 dat,
596 3068 622 3122 ia
639 3068 841 3141 ignobilitatem.

562 3174 574 3203 ⁰
590 3163 661 3219 Cod.
679 3164 837 3227 Bobiensis‚
852 3166 1013 3220 destruitur.

561 3256 576 3300 d
598 3261 679 3316 Idem
700 3262 800 3317 codex.
822 3262 878 3316 svis
899 3280 958 3316 esse
976 3262 1142 3334 differentias
1164 3261 1277 3335 ploriae;
1300 3260 1355 3315 alia
1378 3261 1447 3315 eninr
1470 3260 1567 3334 gloria.

523 3357 603 3412 Mala
616 3357 710 3414 lectio,

561 3464 574 3493 θ
590 3454 723 3527 Vulgata,
739 3453 863 3509 Irenaeus
878 3454 926 3508 lib.
943 3454 972 3508 ii.
989 3473 1049 3527 cap.
1063 3472 1110 3526 24.
1127 3463 1155 3509 et
1170 3454 1330 3528 Cyprianus
1344 3452 1391 3509 lib.
1408 3469 1435 3525 3.
1450 3451 1566 3508 Testim.

519 3551 555 3607 ed
570 3550 720 3618 Quirinum
742 3551 833 3624 capite
849 3551 897 3624 58.
921 3551 1037 3617 babent,
1054 3551 1177 3618 claritas,
1193 3570 1254 3624 pro,
1270 3550 1370 3625 gloria.
1415 3546 1474 3604 Sed
1489 3555 1565 3622 post·

517 3668 595 3704 rema
619 3667 675 3703 vox
700 3649 805 3723 placuit
828 3647 913 3704 etiam
937 3649 1111 3704 Tertulliano
1134 3649 1168 3704 de
1193 3650 1292 3705 Resur.
1313 3646 1414 3703 Carnis
1438 3664 1501 3720 cap.
1518 3663 1564 3719 52.

520 3747 630 3817 (Addas
644 3745 697 3801 SS.
712 3745 852 3800 Hilarium
866 3754 895 3800 et
912 3746 1128 3820 Augustinuur.)

558 3840 739 3904 sBobiensis,
754 3851 852 3897 natura
867 3844 1040 3899 demonstrat.
1073 3842 1155 3905 Mox,
1170 3841 1299 3917 erenrplis
1313 3839 1496 3913 manifestias.
1528 3838 1563 3892 Et

515 3941 596 4003 infra,
611 3940 655 3995 sal
667 3949 786 3996 exortas.

556 4048 572 4090 s
594 4037 627 4092 Iu
642 4038 738 4093 codice
754 4037 897 4101 Bobiensi,
911 4037 1038 4092 servabit.
1081 4036 1159 4091 Male
1175 4035 1336 4091 Casineusis
1358 4033 1458 4096 codex,
1473 4032 1561 4087 obser·

514 4134 598 4190 aravit.
642 4134 679 4189 Et
700 4133 781 4196 infra,
797 4143 859 4188 ante
874 4153 951 4207 qaam
967 4134 1086 4188 lacerna.
1129 4133 1267 4188 Ecoutra
1281 4134 1361 4206 pejor
1374 4131 1403 4185 in
1419 4128 1560 4204 sequeuti-

514 4231 567 4285 bus
585 4231 732 4286 llobieusis
746 4230 850 4285 codicis
865 4230 957 4295 lecti0,
975 4230 1022 4284 ubi
1038 4230 1078 4283 sic
1094 4229 1231 4292 sehabet,
1247 4229 1289 4284 sol
1309 4229 1385 4284 nobis
1405 4245 1484 4283 veras
1499 4224 1559 4281 Sal-

513 4335 591 4381 vator
613 4328 725 4391 orietar,
747 4328 817 4408 sicat
839 4328 887 4389 ait,
910 4335 934 4380 et
953 4327 1086 4380 illuminat
1106 4326 1155 4380 libi
1176 4325 1310 4380 Christus.
1346 4324 1403 4380 sed
1420 4324 1468 4399 qai
1485 4321 1559 4379 aicit.

515 4424 732 4494 (Conuenieutia
748 4424 855 4481 caeteris
872 4424 964 4479 verbis
980 4433 1074 4480 essent
1090 4423 1182 4494 abjicit
1199 4431 1227 4478 et
1243 4422 1386 4492 servabit.)

912 4521 916 4542 '
938 4540 948 4576 1
969 4522 1036 4577 Cor.
1053 4540 1099 4578 xv.
1116 4538 1164 4592 41.
