3900 5167
466 441 511 501 24
837 440 1141 506 ARCHELAUS.

467 619 487 647 ⁶⁶
502 610 646 694 Kczcrcy,
663 609 722 674 vol.
735 610 755 673 i.
771 632 843 696 pag.
856 613 927 693 718,
949 633 996 696 sq.
1019 613 1092 675 dum
1113 612 1361 698 disputationem
1383 620 1507 703 quidem

465 723 488 752 “
504 713 644 797 aliquam
665 714 707 776 ab
731 711 889 776 Archelao
907 735 979 778 cum
1003 715 1133 779 Manete
1155 715 1298 781 habitam
1316 718 1423 797 luisse,
1443 722 1509 787 haec

466 824 487 853 “
503 837 579 880 vcro
601 825 676 880 acta
696 838 755 902 pro
774 816 918 900 genuinis
936 816 1160 900 disputationis
1178 816 1261 882 illius
1280 821 1362 885 actis
1381 823 1509 889 minime

463 927 486 956 ⁶⁶
501 919 650 983 habenda
670 942 738 982 esse
759 918 929 983 defendit.”
975 920 1056 983 Haec
1071 918 1202 996 Keilius,
1219 921 1272 1005 qui
1285 923 1328 986 ad
1344 945 1418 1010 pag.
1435 948 1509 1011 quo-

463 1043 526 1106 que
536 1040 611 1105 324.
626 1020 724 1106 ejusd.
735 1019 880 1085 Bibliotl.
892 1019 1019 1086 Faba-ic.
1035 1021 1167 1099 addidit,
1184 1021 1369 1088 Beausobm'i
1385 1035 1509 1092 senten·

463 1123 542 1187 tiam
564 1124 604 1187 de
627 1123 740 1186 horum
760 1123 916 1187 Actorum
937 1124 1038 1207 νοθείᾳ
1059 1122 1166 1187 multis
1186 1124 1327 1189 refellere
1349 1129 1509 1195 studuisse

463 1226 554 1290 Petr.
571 1226 684 1290 Thom.
703 1226 848 1291 Caeciari
863 1225 896 1288 in
909 1223 1185 1293 Eccroitctioailcr
1199 1226 1234 1292 in
1247 1228 1333 1293 unic.
1350 1231 1387 1293 S.
1398 1232 1509 1301 cmc

461 1328 511 1391 M.
526 1328 636 1413 Opera,
648 1329 685 1391 dc
694 1328 768 1392 loer.
783 1328 921 1392 Illacicl.
937 1327 992 1392 lib.
1004 1326 1024 1389 i.
1041 1349 1110 1412 cap.
1121 1327 1186 1391 xiii.
1197 1349 1269 1413 pag.
1282 1348 1334 1413 90,
1349 1352 1398 1416 sq.
1414 1355 1507 1417 quem

461 1429 576 1493 librum
592 1430 699 1494 dolere
720 1452 754 1493 se
771 1430 818 1494 ait
835 1430 957 1494 Keilius
976 1429 1076 1494 serius
1090 1430 1215 1494 demum
1235 1431 1277 1494 ad
1299 1453 1413 1499 manus
1433 1457 1507 1501 suas

461 1533 649 1617 pervenisse,
663 1554 759 1617 quam
774 1539 863 1597 uteo
878 1533 910 1595 in
923 1532 1135 1617 superioribus
1144 1533 1190 1596 uti
1206 1533 1371 1617 potuisset.
1404 1539 1506 1603 Porro

461 1635 648 1699 Beausobrii
669 1634 865 1720 argumentis
880 1655 951 1697 cum
973 1633 1125 1719 plurimos
1144 1633 1222 1698 ahos
1240 1634 1422 1719 scriptores,
1437 1647 1505 1704 tum

459 1739 628 1802 novissime
643 1744 807 1801 auctorem
819 1736 1010 1801 Dictc'occric'
1024 1736 1060 1799 de
1075 1735 1245 1801 Hoercsilcc
1259 1736 1380 1804 Gallice
1395 1742 1504 1828 scripti

459 1842 501 1906 ad
517 1842 647 1905 verbum
663 1840 775 1904 Manis
789 1840 914 1924 egregie
929 1860 1127 1924 oppugnasse
1146 1838 1243 1904 refert
1258 1839 1454 1909 Saccarellus
1472 1846 1503 1910 in

459 1944 541 2008 Hm.
568 1943 680 2007 Ecclcc.
708 1942 856 2005 Tom.1v.
877 1964 950 2027 pag.
975 1960 1040 2024 145.
1078 1942 1187 2005 Βοωω
1207 1964 1290 2006 anno
1316 1963 1397 2030 1755
1419 1948 1503 2033 typis

458 2044 612 2130 impressi.
661 2047 737 2129 Ipsa
757 2065 830 2107 vero
853 2042 1022 2107 Moshemii
1039 2043 1146 2120 verba,
1159 2043 1201 2107 ad
1217 2065 1287 2128 quae
1302 2044 1439 2129 digitum
1458 2048 1502 2110 in·

458 2147 564 2211 tendit
578 2148 616 2212 cl.
634 2147 767 2222 Rodios,
783 2147 845 2209 huc
860 2146 972 2209 afferre
987 2145 1063 2209 mihi
1079 2146 1178 2209 risum
1192 2153 1252 2210 cst.
1287 2156 1306 2182 ⁶⁶
1317 2183 1405 2198 —-
1418 2149 1502 2215 Satis

458 2260 478 2287 ⁶⁶
494 2250 620 2334 quidem
638 2248 851 2313 Beausobrius
871 2247 1045 2312 luculenter
1060 2248 1208 2326 ostendit,
1224 2271 1292 2313 esse
1309 2252 1456 2334 quadam
1470 2253 1501 2316 iu

457 2363 478 2391 ‘⁶
493 2355 543 2417 his
566 2354 668 2429 Actis,
693 2355 732 2417 de
755 2374 888 2438 quorum
912 2352 1046 2416 veritate
1064 2352 1137 2437 jure
1159 2353 1279 2438 optimo
1302 2355 1448 2421 dubites:
1470 2369 1502 2421 at

457 2467 477 2494 ‘⁶
494 2480 568 2533 non,
583 2458 706 2542 opinor,
720 2462 876 2521 testatum
891 2454 976 2532 iecit,
996 2476 1164 2538 numquam
1179 2456 1332 2542 ejusmodi
1352 2460 1501 2525 Archelai

455 2568 477 2596 ‘⁶
492 2568 525 2624 et
541 2560 685 2623 Manetis
705 2558 954 2644 disputationem
975 2558 1154 2643 contigisse.
1200 2560 1295 2624 Certe
1317 2561 1378 2625 hoc
1400 2583 1501 2647 neque

456 2670 476 2697 ‘⁶
492 2684 531 2725 cx
552 2662 712 2725 erroribus
733 2660 891 2724 nonnullis
915 2660 1084 2737 historicis,
1101 2681 1180 2744 quos
1200 2662 1336 2745 scriptor
1357 2662 1422 2727 sive
1444 2666 1498 2729 ad-

455 2772 476 2799 “
492 2764 586 2839 misit,
603 2764 668 2828 sive
686 2763 851 2827 admisisse
866 2763 999 2838 videtur,
1016 2784 1116 2846 neque
1131 2784 1170 2825 ex
1186 2772 1327 2827 veterum
1342 2772 1376 2829 et
1396 2788 1499 2831 recen-

455 2867 608 2930 “tiorum
634 2867 843 2951 quorumdam
866 2866 906 2928 de
930 2864 979 2927 his
1002 2865 1096 2929 Actis
1117 2865 1241 2930 silentio
1263 2867 1399 2932 firmiter
1421 2870 1497 2934 effici

455 2975 475 3003 “
490 2976 606 3053 potest⁴
653 2968 782 3053 Majora
810 2988 883 3030 vero
910 2988 972 3029 non
996 2967 1092 3030 habet
1114 2968 1161 3030 vir
1187 2968 1386 3034 doctissimus
1408 2993 1498 3058 argu-

454 3079 475 3107 ‘⁶
490 3079 609 3147 menta,
632 3070 684 3155 qui
712 3069 877 3135 excellenti
900 3069 1028 3154 quidem
1053 3070 1178 3155 ingenio
1204 3071 1369 3156 praeditus,
1391 3096 1498 3139 verum

454 3180 474 3208 ⁶⁶
482 3173 571 3256 justo
582 3171 749 3257 proclivior
757 3179 827 3236 erat
839 3172 880 3235 ad
892 3178 1033 3236 veterum
1045 3172 1232 3256 scriptorum
1243 3174 1498 3241 Christianorum

452 3280 475 3308 “
490 3274 584 3335 fidem
600 3274 831 3349 infirmandam,
843 3280 876 3337 et
891 3273 1080 3358 conjecturis
1092 3274 1156 3337 suis
1169 3274 1260 3338 nimis
1273 3297 1356 3359 saepe
1366 3275 1497 3342 fidebat.

454 3376 651 3460 “Quidquid
672 3376 705 3439 id
728 3384 788 3451 est,
804 3398 927 3461 megnae
946 3384 1054 3440 tamen
1073 3377 1274 3461 antiquitatis
1295 3381 1497 3445 commenda-

454 3478 608 3542 “tionem
629 3479 697 3542 haec
717 3482 799 3541 Acta
820 3477 950 3553 habent,
970 3486 1004 3541 ct
1025 3478 1110 3562 quod
1130 3500 1187 3542 nec
1209 3479 1276 3563 ipse
1298 3480 1499 3548 adversarius

453 3588 473 3616 ‘⁶
488 3602 597 3643 corum
620 3580 746 3644 diffiteri
769 3580 856 3656 velit,
871 3580 971 3644 multa
994 3582 1165 3656 continent,
1189 3590 1246 3645 aut
1268 3582 1358 3646 valde
1381 3585 1497 3667 probe·

452 3690 473 3718 “
489 3681 573 3758 bilia,
599 3690 657 3746 aut
683 3704 757 3745 vero
782 3682 1040 3746 consentientia.”
1085 3682 1259 3767 Hucusque
1290 3684 1497 3752 Moshemius.

454 3783 493 3845 Iu
514 3783 577 3847 ista
597 3783 719 3848 interea
745 3791 794 3848 est
812 3784 972 3849 sententia
995 3785 1192 3849 Assemanus
1212 3784 1356 3849 Bibliotl.
1380 3788 1496 3854 Orione.

451 3889 565 3953 tomi.
588 3912 619 3974 p.
634 3892 709 3974 556.
745 3898 764 3928 “
782 3891 918 3955 Photius
939 3893 1009 3955 cod.
1027 3893 1079 3976 85,
1101 3899 1241 3956 testatur
1263 3893 1496 3979 Hegemonium

452 3999 473 4029 ⁶‘
488 3992 646 4074 quendam
675 3991 933 4077 Disputationcm
963 3994 1113 4058 Archelai
1146 3996 1296 4060 adversus
1330 3998 1495 4064 Manetem

450 4094 711 4178 “perscripsisse
757 4095 879 4172 Quibus
907 4097 1012 4161 verbis
1044 4098 1104 4162 hoc
1134 4105 1258 4162 tautum
1288 4099 1493 4185 significatur,

449 4202 469 4230 ‘⁶
486 4195 680 4259 Archelaum
692 4196 951 4282 Disputationem
966 4198 1086 4276 iecisse,
1098 4207 1131 4263 et
1149 4202 1382 4286 Hegemonium
1393 4203 1493 4270 literis

447 4304 470 4332 “
486 4296 717 4381 consignasse.”
761 4299 823 4362 Sed
840 4299 922 4364 hunc
942 4302 1175 4386 Hegemonium
1194 4304 1308 4369 (levius
1326 4316 1492 4373 censuerat

447 4398 598 4462 Archelai
629 4401 708 4484 Syro
730 4422 874 4465 sermone
900 4425 958 4467 sua
979 4406 1196 4490 componentis
1220 4407 1367 4473 Graecum
1394 4411 1490 4477 inter·
