3900 5167
769 549 1182 622 TESTIMONIA

472 763 552 844 DE
594 763 1018 847 AUCTORITATE
1059 766 1096 846 S.
1127 762 1480 848 SCRIPTURAE

662 1014 1291 1113 ANTE-NIOAENA.

865 1272 1090 1306 -4---

825 1468 1126 1533 MONITUM.

503 1604 640 1677 Possm
664 1603 813 1676 ecelesia
839 1614 953 1687 vetus,
975 1606 1004 1676 si
1031 1606 1174 1698 nuperis
1201 1604 1411 1696 quibusdam
1438 1626 1501 1675 no·

453 1722 533 1791 stris
556 1719 792 1812 scriptoribus,
816 1720 903 1791 alios
926 1728 1068 1791 exteros
1096 1720 1236 1801 secutis,
1260 1720 1382 1801 credis,
1405 1718 1501 1790 haud

453 1837 571 1906 nixam
596 1857 672 1906 esse
690 1836 726 1905 S.
745 1834 927 1928 Scriptura
947 1835 1057 1905 fidem
1074 1832 1330 1917 Christianam
1355 1856 1422 1905 neo
1445 1856 1501 1905 rs-

452 1950 573 2044 gulsm
606 1950 689 2021 fidei
724 1950 976 2021 existimandus
1012 1949 1221 2042 Sen‘pturss.
1272 1946 1391 2032 Quam
1424 1972 1501 2021 rem

453 2065 558 2159 longe
575 2064 678 2135 aliter
702 2087 740 2136 se
758 2065 899 2148 habere,
917 2064 1021 2136 facile
1046 2064 1115 2137 erit
1139 2087 1186 2135 ex
1212 2064 1372 2157 ejusdem
1388 2063 1502 2137 eccle-

452 2181 510 2251 siae
529 2182 758 2251 monimentis
781 2181 979 2252 ostendere.
1029 2179 1110 2265 Quo
1128 2180 1255 2252 elatius
1276 2203 1359 2274 ergo
1377 2180 1502 2251 confu-

452 2304 550 2367 tetur
569 2295 675 2389 plena
694 2296 842 2388 periculi
864 2295 1051 2378 sententis,
1069 2318 1115 2365 en
1137 2296 1203 2366 tibi
1220 2294 1439 2367 Testimonis
1455 2296 1501 2367 de

452 2414 665 2483 auctoritate
682 2410 719 2483 S.
738 2410 938 2506 Scripturas,
956 2433 1035 2504 quoe
1057 2409 1173 2481 adhue
1193 2411 1231 2480 in
1252 2410 1350 2481 libris
1370 2410 1501 2503 primo-

451 2551 528 2598 rum
548 2528 827 2600 Christianorum
844 2528 1052 2599 exsistentia
1072 2524 1179 2620 longo
1201 2526 1323 2596 ordine
1346 2524 1404 2596 hic
1420 2549 1500 2619 pro-

451 2640 592 2710 cedunt.

500 3023 645 3097 Psnws
658 3027 817 3097 omnium
831 3025 868 3097 S.
880 3025 1027 3099 Perses
1043 3024 1223 3118 spostolus
1241 3024 1312 3097 fine
1330 3023 1498 3120 Epistolae

450 3136 659 3211 Posterioiis
676 3142 818 3213 scribit:

499 3254 569 3326 Καὶ
603 3255 664 3337 τὴν
698 3261 759 3327 τοῦ
793 3256 918 3353 Κυρίου
951 3258 1038 3340 ἡμῶν
1070 3256 1303 3351 μακροθυμίαν,
1331 3254 1498 3350 σωτηρίαν

449 3372 592 3463 ἡγεῖσθε·
618 3369 722 3449 καθὼς
747 3371 800 3441 καὶ
827 3372 846 3441 ὁ
874 3368 1050 3465 &yemis
1077 3373 1162 3455 ἡμῶν
1189 3367 1336 3467 ἁδελφὸς
1360 3368 1497 3447 Παῦλος

491 3505 563 3547 vot.
580 3506 610 3547 v.
957 3506 980 3547 x
994 3506 1015 3547 x
