<?xml version="1.0" encoding="UTF-8"?>
<!DOCTYPE html PUBLIC "-//W3C//DTD XHTML 1.0 Transitional//EN"
    "http://www.w3.org/TR/xhtml1/DTD/xhtml1-transitional.dtd">
<html xmlns="http://www.w3.org/1999/xhtml" xml:lang="en" lang="en">
 <head>
  <title>
</title>
<meta http-equiv="Content-Type" content="text/html;charset=utf-8" />
  <meta name='ocr-system' content='tesseract 3.04.00' />
  <meta name='ocr-capabilities' content='ocr_page ocr_carea ocr_par ocr_line ocrx_word'/>
</head>
<body>
  <div class='ocr_page' id='page_1' title='image "./reliquiaesacrae05routgoog_0060.png"; bbox 0 0 3900 5167; ppageno 0'>
   <div class='ocr_carea' id='block_1_1' title="bbox 527 448 1345 515">
    <p class='ocr_par' dir='ltr' id='par_1_1' title="bbox 527 448 1345 515">
     <span class='ocr_line' id='line_1_1' title="bbox 527 448 1345 515; baseline 0.005 -4"><span class='ocrx_word' id='word_1_1' title='bbox 527 451 570 511; x_wconf 79' lang='lat'><strong>48</strong></span> <span class='ocrx_word' id='word_1_2' title='bbox 753 448 1007 511; x_wconf 84' lang='lat' dir='ltr'>ARCHELAI</span> <span class='ocrx_word' id='word_1_3' title='bbox 1032 448 1096 513; x_wconf 83' lang='grc' dir='ltr'><strong>ΕΤ</strong></span> <span class='ocrx_word' id='word_1_4' title='bbox 1121 448 1345 515; x_wconf 86' lang='lat' dir='ltr'><strong>MANETIS</strong></span> 
     </span>
    </p>
   </div>
   <div class='ocr_carea' id='block_1_2' title="bbox 476 616 1582 2803">
    <p class='ocr_par' dir='ltr' id='par_1_2' title="bbox 476 616 1582 2803">
     <span class='ocr_line' id='line_1_2' title="bbox 525 616 1578 712; baseline 0.007 -25"><span class='ocrx_word' id='word_1_5' title='bbox 525 617 671 687; x_wconf 90' lang='lat' dir='ltr'><strong>rendam</strong></span> <span class='ocrx_word' id='word_1_6' title='bbox 699 616 742 686; x_wconf 92' lang='lat' dir='ltr'><strong>ad</strong></span> <span class='ocrx_word' id='word_1_7' title='bbox 771 639 866 701; x_wconf 89' lang='lat' dir='ltr'><strong>eum,</strong></span> <span class='ocrx_word' id='word_1_8' title='bbox 893 639 914 686; x_wconf 92' lang='lat' dir='ltr'><strong>a</strong></span> <span class='ocrx_word' id='word_1_9' title='bbox 941 641 1013 708; x_wconf 92' lang='lat' dir='ltr'><strong>quo</strong></span> <span class='ocrx_word' id='word_1_10' title='bbox 1040 619 1137 710; x_wconf 88' lang='lat' dir='ltr'><strong>prius</strong></span> <span class='ocrx_word' id='word_1_11' title='bbox 1165 620 1241 711; x_wconf 85' lang='lat' dir='ltr'><strong>ipae</strong></span> <span class='ocrx_word' id='word_1_12' title='bbox 1271 618 1491 712; x_wconf 76' lang='lat' dir='ltr'><strong>pertulerat:</strong></span> <span class='ocrx_word' id='word_1_13' title='bbox 1517 623 1578 693; x_wconf 89' lang='lat' dir='ltr'><strong>ille</strong></span> 
     </span>
     <span class='ocr_line' id='line_1_3' title="bbox 527 731 1578 824; baseline 0.006 -21"><span class='ocrx_word' id='word_1_14' title='bbox 527 756 610 803; x_wconf 87' lang='lat' dir='ltr'><strong>vero</strong></span> <span class='ocrx_word' id='word_1_15' title='bbox 627 733 672 802; x_wconf 87' lang='lat' dir='ltr'><strong>ad</strong></span> <span class='ocrx_word' id='word_1_16' title='bbox 689 754 771 801; x_wconf 91' lang='lat' dir='ltr'><strong>eum</strong></span> <span class='ocrx_word' id='word_1_17' title='bbox 795 731 908 801; x_wconf 89' lang='lat' dir='ltr'><strong>redire</strong></span> <span class='ocrx_word' id='word_1_18' title='bbox 932 734 1073 824; x_wconf 87' lang='lat' dir='ltr'><strong>penitus</strong></span> <span class='ocrx_word' id='word_1_19' title='bbox 1095 733 1349 821; x_wconf 67' lang='lat' dir='ltr'>reluctabatur,</span> <span class='ocrx_word' id='word_1_20' title='bbox 1366 758 1506 809; x_wconf 90' lang='lat' dir='ltr'><strong>memor</strong></span> <span class='ocrx_word' id='word_1_21' title='bbox 1521 739 1578 809; x_wconf 91' lang='lat' dir='ltr'><strong>iti-</strong></span> 
     </span>
     <span class='ocr_line' id='line_1_4' title="bbox 526 848 1577 947; baseline 0.007 -28"><span class='ocrx_word' id='word_1_22' title='bbox 526 850 619 919; x_wconf 86' lang='lat' dir='ltr'><strong>neris</strong></span> <span class='ocrx_word' id='word_1_23' title='bbox 637 848 806 931; x_wconf 89' lang='lat' dir='ltr'><strong>laborum‚</strong></span> <span class='ocrx_word' id='word_1_24' title='bbox 825 859 862 918; x_wconf 90' lang='lat' dir='ltr'><strong>et</strong></span> <span class='ocrx_word' id='word_1_25' title='bbox 879 849 1027 941; x_wconf 82' lang='lat' dir='ltr'><strong>rogabat</strong></span> <span class='ocrx_word' id='word_1_26' title='bbox 1052 848 1161 920; x_wconf 91' lang='lat' dir='ltr'><strong>alium</strong></span> <span class='ocrx_word' id='word_1_27' title='bbox 1186 872 1251 943; x_wconf 91' lang='lat' dir='ltr'><strong>pro</strong></span> <span class='ocrx_word' id='word_1_28' title='bbox 1273 872 1313 921; x_wconf 87' lang='lat' dir='ltr'><strong>se</strong></span> <span class='ocrx_word' id='word_1_29' title='bbox 1337 851 1453 947; x_wconf 79' lang='lat' dir='ltr'><strong>dirigi,</strong></span> <span class='ocrx_word' id='word_1_30' title='bbox 1472 854 1577 925; x_wconf 88' lang='lat' dir='ltr'><strong>abne-</strong></span> 
     </span>
     <span class='ocr_line' id='line_1_5' title="bbox 525 959 1582 1061; baseline 0.006 -26"><span class='ocrx_word' id='word_1_31' title='bbox 525 988 613 1061; x_wconf 84' lang='lat' dir='ltr'><strong>gans</strong></span> <span class='ocrx_word' id='word_1_32' title='bbox 630 962 742 1036; x_wconf 91' lang='lat' dir='ltr'><strong>¹ultra</strong></span> <span class='ocrx_word' id='word_1_33' title='bbox 764 964 830 1034; x_wconf 90' lang='lat' dir='ltr'><strong>sibi</strong></span> <span class='ocrx_word' id='word_1_34' title='bbox 847 959 915 1033; x_wconf 75' lang='lat' dir='ltr'><strong>lad</strong></span> <span class='ocrx_word' id='word_1_35' title='bbox 932 987 1014 1035; x_wconf 91' lang='lat' dir='ltr'><strong>eum</strong></span> <span class='ocrx_word' id='word_1_36' title='bbox 1043 963 1251 1048; x_wconf 90' lang='lat' dir='ltr'><strong>rediturum,</strong></span> <span class='ocrx_word' id='word_1_37' title='bbox 1268 974 1332 1037; x_wconf 90' lang='lat' dir='ltr'><strong>aut</strong></span> <span class='ocrx_word' id='word_1_38' title='bbox 1358 971 1582 1041; x_wconf 79' lang='lat' dir='ltr'><strong>communio-¹</strong></span> 
     </span>
     <span class='ocr_line' id='line_1_6' title="bbox 527 1079 1575 1173; baseline 0.005 -20"><span class='ocrx_word' id='word_1_39' title='bbox 527 1106 608 1153; x_wconf 90' lang='lat' dir='ltr'><strong>nem</strong></span> <span class='ocrx_word' id='word_1_40' title='bbox 639 1104 721 1153; x_wconf 92' lang='lat' dir='ltr'><strong>cum</strong></span> <span class='ocrx_word' id='word_1_41' title='bbox 751 1105 794 1151; x_wconf 89' lang='lat' dir='ltr'><strong>eo</strong></span> <span class='ocrx_word' id='word_1_42' title='bbox 823 1079 979 1173; x_wconf 78' lang='lat' dir='ltr'><strong>aliquam</strong></span> <span class='ocrx_word' id='word_1_43' title='bbox 1009 1081 1198 1152; x_wconf 85' lang='lat' dir='ltr'><strong>facturum.</strong></span> <span class='ocrx_word' id='word_1_44' title='bbox 1255 1081 1454 1157; x_wconf 81' lang='lat' dir='ltr'><strong>Marcellus</strong></span> <span class='ocrx_word' id='word_1_45' title='bbox 1485 1110 1575 1169; x_wconf 82' lang='lat' dir='ltr'><strong>vero,</strong></span> 
     </span>
     <span class='ocr_line' id='line_1_7' title="bbox 527 1192 1576 1293; baseline 0.002 -24"><span class='ocrx_word' id='word_1_46' title='bbox 527 1200 642 1270; x_wconf 90' lang='lat' dir='ltr'><strong>accito</strong></span> <span class='ocrx_word' id='word_1_47' title='bbox 668 1221 738 1267; x_wconf 91' lang='lat' dir='ltr'><strong>uno</strong></span> <span class='ocrx_word' id='word_1_48' title='bbox 761 1221 806 1268; x_wconf 85' lang='lat' dir='ltr'><strong>ex</strong></span> <span class='ocrx_word' id='word_1_49' title='bbox 833 1197 950 1289; x_wconf 89' lang='lat' dir='ltr'><strong>pueris</strong></span> <span class='ocrx_word' id='word_1_50' title='bbox 974 1198 1058 1278; x_wconf 87' lang='lat' dir='ltr'><strong>suis,</strong></span> <span class='ocrx_word' id='word_1_51' title='bbox 1075 1192 1224 1268; x_wconf 80' lang='lat' dir='ltr'><strong>Callisto</strong></span> <span class='ocrx_word' id='word_1_52' title='bbox 1244 1199 1402 1283; x_wconf 80' lang='lat' dir='ltr'><strong>nomine,</strong></span> <span class='ocrx_word' id='word_1_53' title='bbox 1420 1201 1576 1293; x_wconf 76' lang='lat' dir='ltr'><strong>praecipit</strong></span> 
     </span>
     <span class='ocr_line' id='line_1_8' title="bbox 528 1309 1576 1407; baseline 0.001 -23"><span class='ocrx_word' id='word_1_54' title='bbox 528 1313 708 1407; x_wconf 88' lang='lat' dir='ltr'><strong>proficisci,</strong></span> <span class='ocrx_word' id='word_1_55' title='bbox 735 1314 793 1404; x_wconf 90' lang='lat' dir='ltr'><strong>qui</strong></span> <span class='ocrx_word' id='word_1_56' title='bbox 824 1310 911 1381; x_wconf 87' lang='lat' dir='ltr'><strong>nihil</strong></span> <span class='ocrx_word' id='word_1_57' title='bbox 940 1321 1107 1392; x_wconf 87' lang='lat' dir='ltr'><strong>moratus,</strong></span> <span class='ocrx_word' id='word_1_58' title='bbox 1135 1309 1231 1382; x_wconf 87' lang='lat' dir='ltr'><strong>illico</strong></span> <span class='ocrx_word' id='word_1_59' title='bbox 1258 1312 1516 1404; x_wconf 82' lang='lat' dir='ltr'><strong>proficiscitur3</strong></span> <span class='ocrx_word' id='word_1_60' title='bbox 1540 1327 1576 1387; x_wconf 87' lang='lat' dir='ltr'><strong>et</strong></span> 
     </span>
     <span class='ocr_line' id='line_1_9' title="bbox 476 1424 1574 1522; baseline 0.003 -23"><span class='ocrx_word' id='word_1_61' title='bbox 476 1431 479 1437; x_wconf 88' lang='grc'>’</span> <span class='ocrx_word' id='word_1_62' title='bbox 528 1439 608 1522; x_wconf 91' lang='lat' dir='ltr'><strong>post</strong></span> <span class='ocrx_word' id='word_1_63' title='bbox 626 1428 780 1498; x_wconf 90' lang='lat' dir='ltr'><strong>triduum</strong></span> <span class='ocrx_word' id='word_1_64' title='bbox 807 1428 969 1520; x_wconf 87' lang='lat' dir='ltr'><strong>pervenit</strong></span> <span class='ocrx_word' id='word_1_65' title='bbox 992 1428 1037 1497; x_wconf 90' lang='lat' dir='ltr'><strong>ad</strong></span> <span class='ocrx_word' id='word_1_66' title='bbox 1056 1424 1217 1510; x_wconf 89' lang='lat' dir='ltr'><strong>Manem,</strong></span> <span class='ocrx_word' id='word_1_67' title='bbox 1235 1450 1342 1518; x_wconf 90' lang='lat' dir='ltr'><strong>quem</strong></span> <span class='ocrx_word' id='word_1_68' title='bbox 1368 1429 1407 1499; x_wconf 94' lang='lat' dir='ltr'><strong>in</strong></span> <span class='ocrx_word' id='word_1_69' title='bbox 1432 1431 1574 1502; x_wconf 89' lang='lat' dir='ltr'><strong>castello</strong></span> 
     </span>
     <span class='ocr_line' id='line_1_10' title="bbox 529 1542 1575 1639; baseline 0.003 -24"><span class='ocrx_word' id='word_1_70' title='bbox 529 1547 682 1639; x_wconf 90' lang='lat' dir='ltr'><strong>quodam</strong></span> <span class='ocrx_word' id='word_1_71' title='bbox 695 1542 917 1614; x_wconf 83' lang='lat' dir='ltr'><strong>¹¹¹Arabionis</strong></span> <span class='ocrx_word' id='word_1_72' title='bbox 934 1544 1074 1636; x_wconf 86' lang='lat' dir='ltr'><strong>reperit,</strong></span> <span class='ocrx_word' id='word_1_73' title='bbox 1087 1551 1195 1636; x_wconf 86' lang='lat' dir='ltr'><strong>atque</strong></span> <span class='ocrx_word' id='word_1_74' title='bbox 1211 1544 1399 1636; x_wconf 88' lang='lat' dir='ltr'><strong>epistolam</strong></span> <span class='ocrx_word' id='word_1_75' title='bbox 1416 1548 1575 1630; x_wconf 83' lang='lat' dir='ltr'><strong>tradidit3</strong></span> 
     </span>
     <span class='ocr_line' id='line_1_11' title="bbox 529 1658 1575 1754; baseline 0.005 -24"><span class='ocrx_word' id='word_1_76' title='bbox 529 1683 598 1754; x_wconf 92' lang='lat' dir='ltr'><strong>qua</strong></span> <span class='ocrx_word' id='word_1_77' title='bbox 623 1660 683 1732; x_wconf 89' lang='lat' dir='ltr'><strong>ille</strong></span> <span class='ocrx_word' id='word_1_78' title='bbox 709 1660 873 1753; x_wconf 85' lang='lat' dir='ltr'><strong>perlecta,</strong></span> <span class='ocrx_word' id='word_1_79' title='bbox 891 1661 1031 1753; x_wconf 76' lang='lat' dir='ltr'><strong>gaviam</strong></span> <span class='ocrx_word' id='word_1_80' title='bbox 1053 1668 1119 1743; x_wconf 90' lang='lat' dir='ltr'><strong>est,</strong></span> <span class='ocrx_word' id='word_1_81' title='bbox 1139 1683 1161 1730; x_wconf 92' lang='lat' dir='ltr'><strong>a</strong></span> <span class='ocrx_word' id='word_1_82' title='bbox 1184 1658 1359 1731; x_wconf 88' lang='lat' dir='ltr'><strong>Marcello</strong></span> <span class='ocrx_word' id='word_1_83' title='bbox 1385 1660 1575 1735; x_wconf 85' lang='lat' dir='ltr'><strong>invitatum</strong></span> 
     </span>
     <span class='ocr_line' id='line_1_12' title="bbox 528 1773 1575 1857; baseline 0.002 -9"><span class='ocrx_word' id='word_1_84' title='bbox 528 1800 566 1848; x_wconf 90' lang='lat' dir='ltr'><strong>se</strong></span> <span class='ocrx_word' id='word_1_85' title='bbox 589 1800 733 1857; x_wconf 75' lang='lat' dir='ltr'><strong>esseae</strong></span> <span class='ocrx_word' id='word_1_86' title='bbox 759 1777 833 1846; x_wconf 88' lang='lat' dir='ltr'><strong>sine</strong></span> <span class='ocrx_word' id='word_1_87' title='bbox 860 1798 958 1845; x_wconf 88' lang='lat' dir='ltr'><strong>mora</strong></span> <span class='ocrx_word' id='word_1_88' title='bbox 983 1776 1052 1845; x_wconf 89' lang='lat' dir='ltr'><strong>iter</strong></span> <span class='ocrx_word' id='word_1_89' title='bbox 1077 1775 1231 1846; x_wconf 75' lang='lat' dir='ltr'><strong>inveditt</strong></span> <span class='ocrx_word' id='word_1_90' title='bbox 1257 1773 1434 1849; x_wconf 82' lang='lat' dir='ltr'><strong>Turbonis</strong></span> <span class='ocrx_word' id='word_1_91' title='bbox 1458 1787 1575 1850; x_wconf 88' lang='lat' dir='ltr'><strong>tamen</strong></span> 
     </span>
     <span class='ocr_line' id='line_1_13' title="bbox 529 1892 1574 1987; baseline 0 -25"><span class='ocrx_word' id='word_1_92' title='bbox 529 1893 800 1964; x_wconf 84' lang='lat' dir='ltr'><strong>remorationem</strong></span> <span class='ocrx_word' id='word_1_93' title='bbox 828 1916 899 1962; x_wconf 93' lang='lat' dir='ltr'><strong>non</strong></span> <span class='ocrx_word' id='word_1_94' title='bbox 921 1914 1122 1985; x_wconf 87' lang='lat' dir='ltr'><strong>prosperam</strong></span> <span class='ocrx_word' id='word_1_95' title='bbox 1147 1892 1389 1986; x_wconf 67' lang='lat' dir='ltr'><strong>”praesagitna</strong></span> <span class='ocrx_word' id='word_1_96' title='bbox 1412 1903 1452 1964; x_wconf 91' lang='lat' dir='ltr'><strong>et</strong></span> <span class='ocrx_word' id='word_1_97' title='bbox 1480 1895 1574 1987; x_wconf 90' lang='lat' dir='ltr'><strong>quasi</strong></span> 
     </span>
     <span class='ocr_line' id='line_1_14' title="bbox 529 2003 1575 2099; baseline 0.001 -20"><span class='ocrx_word' id='word_1_98' title='bbox 529 2006 710 2079; x_wconf 84' lang='lat' dir='ltr'><strong>²consulto</strong></span> <span class='ocrx_word' id='word_1_99' title='bbox 726 2010 852 2079; x_wconf 89' lang='lat' dir='ltr'><strong>itinere</strong></span> <span class='ocrx_word' id='word_1_100' title='bbox 869 2007 913 2079; x_wconf 87' lang='lat' dir='ltr'><strong>ad</strong></span> <span class='ocrx_word' id='word_1_101' title='bbox 933 2007 1147 2078; x_wconf 91' lang='lat' dir='ltr'><strong>Marcellum</strong></span> <span class='ocrx_word' id='word_1_102' title='bbox 1164 2008 1330 2099; x_wconf 87' lang='lat' dir='ltr'><strong>perrexit</strong></span> <span class='ocrx_word' id='word_1_103' title='bbox 1356 2003 1479 2080; x_wconf 84' lang='lat' dir='ltr'><strong>Turbo</strong></span> <span class='ocrx_word' id='word_1_104' title='bbox 1497 2033 1575 2081; x_wconf 88' lang='lat' dir='ltr'><strong>vero</strong></span> 
     </span>
     <span class='ocr_line' id='line_1_15' title="bbox 530 2122 1575 2215; baseline 0.001 -21"><span class='ocrx_word' id='word_1_105' title='bbox 530 2125 575 2194; x_wconf 90' lang='lat' dir='ltr'><strong>de</strong></span> <span class='ocrx_word' id='word_1_106' title='bbox 603 2122 767 2194; x_wconf 82' lang='lat' dir='ltr'><strong>Marcelli</strong></span> <span class='ocrx_word' id='word_1_107' title='bbox 795 2124 901 2193; x_wconf 90' lang='lat' dir='ltr'><strong>domo</strong></span> <span class='ocrx_word' id='word_1_108' title='bbox 929 2144 1070 2215; x_wconf 88' lang='lat' dir='ltr'><strong>prorsus</strong></span> <span class='ocrx_word' id='word_1_109' title='bbox 1098 2145 1168 2194; x_wconf 92' lang='lat' dir='ltr'><strong>non</strong></span> <span class='ocrx_word' id='word_1_110' title='bbox 1197 2122 1412 2207; x_wconf 83' lang='lat' dir='ltr'><strong>discedebat,</strong></span> <span class='ocrx_word' id='word_1_111' title='bbox 1439 2147 1508 2197; x_wconf 88' lang='lat' dir='ltr'><strong>nec</strong></span> <span class='ocrx_word' id='word_1_112' title='bbox 1533 2125 1575 2196; x_wconf 91' lang='lat' dir='ltr'><strong>ab</strong></span> 
     </span>
     <span class='ocr_line' id='line_1_16' title="bbox 530 2238 1576 2332; baseline 0.001 -22"><span class='ocrx_word' id='word_1_113' title='bbox 530 2239 698 2311; x_wconf 82' lang='lat' dir='ltr'><strong>Archelai</strong></span> <span class='ocrx_word' id='word_1_114' title='bbox 733 2239 887 2332; x_wconf 87' lang='lat' dir='ltr'><strong>episcopi</strong></span> <span class='ocrx_word' id='word_1_115' title='bbox 925 2238 1211 2310; x_wconf 86' lang='lat' dir='ltr'><strong>confabulatione</strong></span> <span class='ocrx_word' id='word_1_116' title='bbox 1247 2238 1429 2310; x_wconf 88' lang='lat' dir='ltr'><strong>cessabat:</strong></span> <span class='ocrx_word' id='word_1_117' title='bbox 1476 2240 1576 2312; x_wconf 88' lang='lat' dir='ltr'><strong>valde</strong></span> 
     </span>
     <span class='ocr_line' id='line_1_17' title="bbox 531 2353 1577 2448; baseline 0.001 -22"><span class='ocrx_word' id='word_1_118' title='bbox 531 2357 625 2426; x_wconf 93' lang='lat' dir='ltr'><strong>enim</strong></span> <span class='ocrx_word' id='word_1_119' title='bbox 653 2356 809 2426; x_wconf 87' lang='lat' dir='ltr'><strong>studiose</strong></span> <span class='ocrx_word' id='word_1_120' title='bbox 834 2364 985 2446; x_wconf 85' lang='lat' dir='ltr'><strong>uterque</strong></span> <span class='ocrx_word' id='word_1_121' title='bbox 1007 2356 1051 2425; x_wconf 90' lang='lat' dir='ltr'><strong>de</strong></span> <span class='ocrx_word' id='word_1_122' title='bbox 1072 2353 1262 2425; x_wconf 83' lang='lat' dir='ltr'><strong>Manichaei</strong></span> <span class='ocrx_word' id='word_1_123' title='bbox 1284 2355 1412 2426; x_wconf 88' lang='lat' dir='ltr'><strong>studiis</strong></span> <span class='ocrx_word' id='word_1_124' title='bbox 1438 2358 1577 2448; x_wconf 90' lang='lat' dir='ltr'><strong>perqui-</strong></span> 
     </span>
     <span class='ocr_line' id='line_1_18' title="bbox 531 2470 1578 2563; baseline -0.001 -20"><span class='ocrx_word' id='word_1_125' title='bbox 531 2473 666 2556; x_wconf 83' lang='lat' dir='ltr'><strong>rebant,</strong></span> <span class='ocrx_word' id='word_1_126' title='bbox 683 2472 773 2543; x_wconf 85' lang='lat' dir='ltr'><strong>aeire</strong></span> <span class='ocrx_word' id='word_1_127' title='bbox 794 2472 988 2563; x_wconf 90' lang='lat' dir='ltr'><strong>cupientes,</strong></span> <span class='ocrx_word' id='word_1_128' title='bbox 1006 2472 1067 2563; x_wconf 91' lang='lat' dir='ltr'><strong>qui</strong></span> <span class='ocrx_word' id='word_1_129' title='bbox 1093 2472 1149 2552; x_wconf 83' lang='lat' dir='ltr'><strong>eit,</strong></span> <span class='ocrx_word' id='word_1_130' title='bbox 1167 2471 1274 2555; x_wconf 85' lang='lat' dir='ltr'><strong>unde,</strong></span> <span class='ocrx_word' id='word_1_131' title='bbox 1293 2470 1348 2541; x_wconf 87' lang='lat' dir='ltr'><strong>vel</strong></span> <span class='ocrx_word' id='word_1_132' title='bbox 1375 2472 1461 2563; x_wconf 92' lang='lat' dir='ltr'><strong>quid</strong></span> <span class='ocrx_word' id='word_1_133' title='bbox 1480 2474 1578 2545; x_wconf 80' lang='lat' dir='ltr'><strong>verbi</strong></span> 
     </span>
     <span class='ocr_line' id='line_1_19' title="bbox 531 2588 1578 2685; baseline -0.003 -20"><span class='ocrx_word' id='word_1_134' title='bbox 531 2595 632 2665; x_wconf 86' lang='lat' dir='ltr'><strong>ferat.</strong></span> <span class='ocrx_word' id='word_1_135' title='bbox 683 2591 736 2662; x_wconf 89' lang='lat' dir='ltr'><strong>At</strong></span> <span class='ocrx_word' id='word_1_136' title='bbox 758 2591 819 2661; x_wconf 87' lang='lat' dir='ltr'><strong>ille</strong></span> <span class='ocrx_word' id='word_1_137' title='bbox 842 2592 1005 2661; x_wconf 83' lang='lat' dir='ltr'><strong>universa</strong></span> <span class='ocrx_word' id='word_1_138' title='bbox 1030 2590 1184 2662; x_wconf 90' lang='lat' dir='ltr'><strong>dilucide</strong></span> <span class='ocrx_word' id='word_1_139' title='bbox 1210 2588 1396 2675; x_wconf 80' lang='lat' dir='ltr'><strong>enarravit,</strong></span> <span class='ocrx_word' id='word_1_140' title='bbox 1414 2600 1578 2685; x_wconf 88' lang='lat' dir='ltr'><strong>repetens</strong></span> 
     </span>
     <span class='ocr_line' id='line_1_20' title="bbox 530 2705 1227 2803; baseline -0.011 -21"><span class='ocrx_word' id='word_1_141' title='bbox 530 2721 569 2782; x_wconf 91' lang='lat' dir='ltr'><strong>et</strong></span> <span class='ocrx_word' id='word_1_142' title='bbox 586 2732 765 2803; x_wconf 84' lang='lat' dir='ltr'><strong>exponens</strong></span> <span class='ocrx_word' id='word_1_143' title='bbox 784 2709 827 2777; x_wconf 92' lang='lat' dir='ltr'><strong>de</strong></span> <span class='ocrx_word' id='word_1_144' title='bbox 845 2708 914 2777; x_wconf 87' lang='lat' dir='ltr'><strong>fide</strong></span> <span class='ocrx_word' id='word_1_145' title='bbox 932 2709 1007 2799; x_wconf 92' lang='lat' dir='ltr'><strong>ejus</strong></span> <span class='ocrx_word' id='word_1_146' title='bbox 1023 2706 1092 2778; x_wconf 92' lang='lat' dir='ltr'><strong>hoc</strong></span> <span class='ocrx_word' id='word_1_147' title='bbox 1110 2705 1227 2777; x_wconf 90' lang='lat' dir='ltr'><strong>modo.</strong></span> 
     </span>
    </p>
   </div>
   <div class='ocr_carea' id='block_1_3' title="bbox 531 2842 1578 3071">
    <p class='ocr_par' dir='ltr' id='par_1_3' title="bbox 531 2842 1578 3071">
     <span class='ocr_line' id='line_1_21' title="bbox 584 2842 1576 2948; baseline 0.002 -23"><span class='ocrx_word' id='word_1_148' title='bbox 584 2854 672 2926; x_wconf 90' lang='lat' dir='ltr'><strong>VII.</strong></span> <span class='ocrx_word' id='word_1_149' title='bbox 699 2853 743 2925; x_wconf 85' lang='lat' dir='ltr'><strong>Ei</strong></span> <span class='ocrx_word' id='word_1_150' title='bbox 762 2846 827 2945; x_wconf 85' lang='grc' dir='ltr'><strong>τὴν</strong></span> <span class='ocrx_word' id='word_1_151' title='bbox 845 2854 909 2925; x_wconf 81' lang='grc' dir='ltr'><strong>τοῦ</strong></span> <span class='ocrx_word' id='word_1_152' title='bbox 929 2845 1040 2945; x_wconf 80' lang='grc' dir='ltr'>Μάνη</span> <span class='ocrx_word' id='word_1_153' title='bbox 1064 2848 1189 2927; x_wconf 82' lang='grc' dir='ltr'>πίστιν</span> <span class='ocrx_word' id='word_1_154' title='bbox 1207 2842 1330 2925; x_wconf 69' lang='grc' dir='ltr'>θέλετε</span> <span class='ocrx_word' id='word_1_155' title='bbox 1348 2851 1476 2943; x_wconf 77' lang='grc' dir='ltr'>μαθεῖν</span> <span class='ocrx_word' id='word_1_156' title='bbox 1493 2847 1576 2948; x_wconf 85' lang='grc' dir='ltr'>παρ’</span> 
     </span>
     <span class='ocr_line' id='line_1_22' title="bbox 531 2969 1578 3071; baseline 0.007 -21"><span class='ocrx_word' id='word_1_157' title='bbox 531 2974 626 3070; x_wconf 82' lang='grc' dir='ltr'><em>ἐμοῦ,</em></span> <span class='ocrx_word' id='word_1_158' title='bbox 658 2972 833 3052; x_wconf 80' lang='grc' dir='ltr'>ἀκούσατε</span> <span class='ocrx_word' id='word_1_159' title='bbox 866 2973 1063 3071; x_wconf 76' lang='grc' dir='ltr'>συντόμως.</span> <span class='ocrx_word' id='word_1_160' title='bbox 1102 2972 1204 3055; x_wconf 74' lang='lat' dir='ltr'><strong>cirros</strong></span> <span class='ocrx_word' id='word_1_161' title='bbox 1236 2969 1300 3051; x_wconf 80' lang='grc' dir='ltr'><strong>δύο</strong></span> <span class='ocrx_word' id='word_1_162' title='bbox 1330 2970 1433 3067; x_wconf 74' lang='grc' dir='ltr'>σέβει</span> <span class='ocrx_word' id='word_1_163' title='bbox 1465 2969 1578 3057; x_wconf 56' lang='lat' dir='ltr'><strong>Ozola</strong></span> 
     </span>
    </p>
   </div>
   <div class='ocr_carea' id='block_1_4' title="bbox 533 3128 1578 3298">
    <p class='ocr_par' dir='ltr' id='par_1_4' title="bbox 533 3128 1578 3298">
     <span class='ocr_line' id='line_1_23' title="bbox 576 3128 1578 3195; baseline 0.002 -4"><span class='ocrx_word' id='word_1_164' title='bbox 576 3128 657 3193; x_wconf 92' lang='lat' dir='ltr'><strong>Vll.</strong></span> <span class='ocrx_word' id='word_1_165' title='bbox 680 3131 733 3193; x_wconf 82' lang='lat' dir='ltr'><strong>⁰Si</strong></span> <span class='ocrx_word' id='word_1_166' title='bbox 748 3132 842 3194; x_wconf 87' lang='lat' dir='ltr'><strong>fidem</strong></span> <span class='ocrx_word' id='word_1_167' title='bbox 860 3130 1032 3195; x_wconf 84' lang='lat' dir='ltr'><strong>Manichaei</strong></span> <span class='ocrx_word' id='word_1_168' title='bbox 1076 3129 1196 3194; x_wconf 88' lang='lat' dir='ltr'><strong>audite.</strong></span> <span class='ocrx_word' id='word_1_169' title='bbox 1231 3128 1294 3192; x_wconf 90' lang='lat' dir='ltr'><strong>Hic</strong></span> <span class='ocrx_word' id='word_1_170' title='bbox 1310 3128 1390 3192; x_wconf 87' lang='lat' dir='ltr'><strong>duos</strong></span> <span class='ocrx_word' id='word_1_171' title='bbox 1404 3128 1481 3193; x_wconf 89' lang='lat' dir='ltr'><strong>colit</strong></span> <span class='ocrx_word' id='word_1_172' title='bbox 1493 3128 1578 3193; x_wconf 86' lang='lat' dir='ltr'><strong>Deos</strong></span> 
     </span>
     <span class='ocr_line' id='line_1_24' title="bbox 533 3211 1577 3298; baseline 0.003 -21"><span class='ocrx_word' id='word_1_173' title='bbox 533 3214 653 3280; x_wconf 86' lang='lat' dir='ltr'><strong>discere</strong></span> <span class='ocrx_word' id='word_1_174' title='bbox 664 3238 684 3280; x_wconf 90' lang='lat' dir='ltr'><strong>a</strong></span> <span class='ocrx_word' id='word_1_175' title='bbox 696 3238 746 3280; x_wconf 89' lang='lat' dir='ltr'><strong>me</strong></span> <span class='ocrx_word' id='word_1_176' title='bbox 756 3216 870 3295; x_wconf 82' lang='lat' dir='ltr'><strong>vultis3</strong></span> <span class='ocrx_word' id='word_1_177' title='bbox 895 3216 1033 3281; x_wconf 88' lang='lat' dir='ltr'><strong>breviter</strong></span> <span class='ocrx_word' id='word_1_178' title='bbox 1076 3216 1214 3291; x_wconf 88' lang='lat' dir='ltr'><strong>innatos,</strong></span> <span class='ocrx_word' id='word_1_179' title='bbox 1226 3236 1265 3279; x_wconf 85' lang='lat' dir='ltr'><strong>ex</strong></span> <span class='ocrx_word' id='word_1_180' title='bbox 1277 3211 1455 3298; x_wconf 85' lang='lat' dir='ltr'><strong>semetipsis</strong></span> <span class='ocrx_word' id='word_1_181' title='bbox 1466 3222 1577 3280; x_wconf 83' lang='lat' dir='ltr'><strong>extan-</strong></span> 
     </span>
    </p>
   </div>
   <div class='ocr_carea' id='block_1_5' title="bbox 531 3369 1578 4230">
    <p class='ocr_par' dir='ltr' id='par_1_5' title="bbox 531 3369 1576 3547">
     <span class='ocr_line' id='line_1_25' title="bbox 531 3369 1576 3449; baseline -0.003 -18"><span class='ocrx_word' id='word_1_182' title='bbox 531 3375 671 3449; x_wconf 76' lang='lat' dir='ltr'><strong>epietolcm</strong></span> <span class='ocrx_word' id='word_1_183' title='bbox 698 3375 829 3449; x_wconf 80' lang='lat' dir='ltr'><strong>scriptum</strong></span> <span class='ocrx_word' id='word_1_184' title='bbox 857 3381 936 3448; x_wconf 81' lang='lat' dir='ltr'><strong>atque</strong></span> <span class='ocrx_word' id='word_1_185' title='bbox 965 3372 1100 3447; x_wconf 64' lang='lat' dir='ltr'><strong>menatem</strong></span> <span class='ocrx_word' id='word_1_186' title='bbox 1128 3370 1251 3427; x_wconf 80' lang='lat' dir='ltr'><strong>trudebat</strong></span> <span class='ocrx_word' id='word_1_187' title='bbox 1283 3369 1403 3429; x_wconf 75' lang='lat' dir='ltr'><strong>Turboni</strong></span> <span class='ocrx_word' id='word_1_188' title='bbox 1420 3369 1576 3444; x_wconf 58' lang='lat' dir='ltr'><strong>ferenda.</strong></span> 
     </span>
     <span class='ocr_line' id='line_1_26' title="bbox 534 3465 1498 3547; baseline -0.001 -18"><span class='ocrx_word' id='word_1_189' title='bbox 534 3471 707 3547; x_wconf 78' lang='lat' dir='ltr'><strong>Epiphanius</strong></span> <span class='ocrx_word' id='word_1_190' title='bbox 721 3472 826 3546; x_wconf 88' lang='lat' dir='ltr'><strong>pariter</strong></span> <span class='ocrx_word' id='word_1_191' title='bbox 839 3469 919 3545; x_wconf 86' lang='lat' dir='ltr'><strong>legit,</strong></span> <span class='ocrx_word' id='word_1_192' title='bbox 933 3470 1004 3526; x_wconf 76' lang='lat' dir='ltr'><strong>sicut</strong></span> <span class='ocrx_word' id='word_1_193' title='bbox 1014 3489 1066 3545; x_wconf 83' lang='lat' dir='ltr'><strong>per</strong></span> <span class='ocrx_word' id='word_1_194' title='bbox 1079 3468 1218 3545; x_wconf 80' lang='lat' dir='ltr'><strong>epistolam</strong></span> <span class='ocrx_word' id='word_1_195' title='bbox 1228 3465 1391 3544; x_wconf 78' lang='lat' dir='ltr'><strong>promisisti.</strong></span> <span class='ocrx_word' id='word_1_196' title='bbox 1421 3466 1498 3528; x_wconf 73' lang='lat' dir='ltr'><strong>Vale.</strong></span> 
     </span>
    </p>

    <p class='ocr_par' dir='ltr' id='par_1_6' title="bbox 533 3566 1577 3744">
     <span class='ocr_line' id='line_1_27' title="bbox 574 3566 1577 3633; baseline -0.002 -6"><span class='ocrx_word' id='word_1_197' title='bbox 574 3569 587 3608; x_wconf 64' lang='lat' dir='ltr'><strong>l</strong></span> <span class='ocrx_word' id='word_1_198' title='bbox 610 3569 683 3627; x_wconf 88' lang='lat' dir='ltr'><strong>Cod.</strong></span> <span class='ocrx_word' id='word_1_199' title='bbox 702 3569 859 3633; x_wconf 83' lang='lat' dir='ltr'><strong>Bobiensis‚</strong></span> <span class='ocrx_word' id='word_1_200' title='bbox 874 3569 911 3624; x_wconf 85' lang='lat' dir='ltr'><strong>od</strong></span> <span class='ocrx_word' id='word_1_201' title='bbox 930 3568 1006 3624; x_wconf 80' lang='lat' dir='ltr'><strong>illum</strong></span> <span class='ocrx_word' id='word_1_202' title='bbox 1028 3585 1207 3630; x_wconf 80' lang='lat' dir='ltr'><strong>reversuram,</strong></span> <span class='ocrx_word' id='word_1_203' title='bbox 1228 3574 1274 3623; x_wconf 83' lang='lat' dir='ltr'><strong>aut</strong></span> <span class='ocrx_word' id='word_1_204' title='bbox 1296 3566 1501 3623; x_wconf 73' lang='lat' dir='ltr'><strong>communionem</strong></span> <span class='ocrx_word' id='word_1_205' title='bbox 1521 3586 1577 3625; x_wconf 77' lang='lat' dir='ltr'><strong>cam</strong></span> 
     </span>
     <span class='ocr_line' id='line_1_28' title="bbox 533 3667 779 3744; baseline -0.008 -19"><span class='ocrx_word' id='word_1_206' title='bbox 533 3688 564 3725; x_wconf 89' lang='lat' dir='ltr'><strong>ec</strong></span> <span class='ocrx_word' id='word_1_207' title='bbox 578 3667 779 3744; x_wconf 82' lang='lat' dir='ltr'><strong>aliquomsore.</strong></span> 
     </span>
    </p>

    <p class='ocr_par' dir='ltr' id='par_1_7' title="bbox 532 3759 1578 3937">
     <span class='ocr_line' id='line_1_29' title="bbox 573 3759 1578 3836; baseline -0.005 -14"><span class='ocrx_word' id='word_1_208' title='bbox 573 3775 597 3806; x_wconf 81' lang='lat'><strong>¹¹¹</strong></span> <span class='ocrx_word' id='word_1_209' title='bbox 612 3765 767 3823; x_wconf 88' lang='lat' dir='ltr'><strong>Castellum</strong></span> <span class='ocrx_word' id='word_1_210' title='bbox 782 3764 837 3820; x_wconf 91' lang='lat' dir='ltr'><strong>hoc</strong></span> <span class='ocrx_word' id='word_1_211' title='bbox 851 3773 928 3820; x_wconf 90' lang='lat' dir='ltr'><strong>trans</strong></span> <span class='ocrx_word' id='word_1_212' title='bbox 942 3762 1057 3818; x_wconf 84' lang='lat' dir='ltr'><strong>fluvium</strong></span> <span class='ocrx_word' id='word_1_213' title='bbox 1073 3760 1227 3836; x_wconf 80' lang='lat' dir='ltr'><strong>Strangam</strong></span> <span class='ocrx_word' id='word_1_214' title='bbox 1241 3760 1327 3817; x_wconf 91' lang='lat' dir='ltr'><strong>situm</strong></span> <span class='ocrx_word' id='word_1_215' title='bbox 1340 3759 1427 3817; x_wconf 84' lang='lat' dir='ltr'><strong>fuisse</strong></span> <span class='ocrx_word' id='word_1_216' title='bbox 1441 3760 1471 3817; x_wconf 93' lang='lat' dir='ltr'><strong>in</strong></span> <span class='ocrx_word' id='word_1_217' title='bbox 1485 3762 1578 3819; x_wconf 88' lang='lat' dir='ltr'><strong>medio</strong></span> 
     </span>
     <span class='ocr_line' id='line_1_30' title="bbox 532 3858 1564 3937; baseline -0.003 -17"><span class='ocrx_word' id='word_1_218' title='bbox 532 3863 682 3920; x_wconf 86' lang='lat' dir='ltr'><strong>Persarum</strong></span> <span class='ocrx_word' id='word_1_219' title='bbox 696 3871 725 3920; x_wconf 90' lang='lat' dir='ltr'><strong>et</strong></span> <span class='ocrx_word' id='word_1_220' title='bbox 735 3861 962 3937; x_wconf 70' lang='lat' dir='ltr'><strong>Mesopotamiae,</strong></span> <span class='ocrx_word' id='word_1_221' title='bbox 974 3860 1014 3916; x_wconf 91' lang='lat' dir='ltr'><strong>ait</strong></span> <span class='ocrx_word' id='word_1_222' title='bbox 1028 3859 1204 3935; x_wconf 86' lang='lat' dir='ltr'><strong>Epiphanius</strong></span> <span class='ocrx_word' id='word_1_223' title='bbox 1217 3859 1245 3915; x_wconf 92' lang='lat' dir='ltr'><strong>in</strong></span> <span class='ocrx_word' id='word_1_224' title='bbox 1260 3858 1314 3915; x_wconf 86' lang='lat' dir='ltr'><strong>hec</strong></span> <span class='ocrx_word' id='word_1_225' title='bbox 1328 3858 1429 3916; x_wconf 83' lang='lat' dir='ltr'><strong>hoeresi</strong></span> <span class='ocrx_word' id='word_1_226' title='bbox 1444 3879 1523 3917; x_wconf 89' lang='lat' dir='ltr'><strong>num.</strong></span> <span class='ocrx_word' id='word_1_227' title='bbox 1539 3876 1564 3936; x_wconf 82' lang='lat'><strong>7.</strong></span> 
     </span>
    </p>

    <p class='ocr_par' dir='ltr' id='par_1_8' title="bbox 574 3960 1047 4034">
     <span class='ocr_line' id='line_1_31' title="bbox 574 3960 1047 4034; baseline -0.008 -17"><span class='ocrx_word' id='word_1_228' title='bbox 574 3970 589 4001; x_wconf 75' lang='lat'>⁰</span> <span class='ocrx_word' id='word_1_229' title='bbox 611 3961 712 4017; x_wconf 83' lang='lat' dir='ltr'><strong>Codex</strong></span> <span class='ocrx_word' id='word_1_230' title='bbox 727 3960 884 4023; x_wconf 84' lang='lat' dir='ltr'><strong>Bobiensis‚</strong></span> <span class='ocrx_word' id='word_1_231' title='bbox 895 3976 1047 4034; x_wconf 67' lang='lat' dir='ltr'><strong>prensoque.</strong></span> 
     </span>
    </p>

    <p class='ocr_par' dir='ltr' id='par_1_9' title="bbox 533 4052 1578 4230">
     <span class='ocr_line' id='line_1_32' title="bbox 573 4052 1578 4133; baseline -0.005 -18"><span class='ocrx_word' id='word_1_232' title='bbox 573 4068 588 4099; x_wconf 90' lang='lat'><strong>0</strong></span> <span class='ocrx_word' id='word_1_233' title='bbox 610 4052 765 4133; x_wconf 84' lang='lat' dir='ltr'><strong>Sequentia</strong></span> <span class='ocrx_word' id='word_1_234' title='bbox 782 4077 870 4131; x_wconf 87' lang='lat' dir='ltr'><strong>usque</strong></span> <span class='ocrx_word' id='word_1_235' title='bbox 884 4057 920 4113; x_wconf 93' lang='lat' dir='ltr'><strong>ad</strong></span> <span class='ocrx_word' id='word_1_236' title='bbox 934 4075 994 4130; x_wconf 89' lang='lat' dir='ltr'><strong>cap.</strong></span> <span class='ocrx_word' id='word_1_237' title='bbox 1013 4073 1057 4110; x_wconf 88' lang='lat'><strong>12.</strong></span> <span class='ocrx_word' id='word_1_238' title='bbox 1072 4053 1209 4110; x_wconf 87' lang='lat' dir='ltr'><strong>verbatim</strong></span> <span class='ocrx_word' id='word_1_239' title='bbox 1230 4072 1323 4130; x_wconf 84' lang='lat' dir='ltr'><strong>graece</strong></span> <span class='ocrx_word' id='word_1_240' title='bbox 1344 4053 1440 4111; x_wconf 85' lang='lat' dir='ltr'><strong>retulit</strong></span> <span class='ocrx_word' id='word_1_241' title='bbox 1455 4054 1578 4130; x_wconf 84' lang='lat' dir='ltr'><strong>Epipha-</strong></span> 
     </span>
     <span class='ocr_line' id='line_1_33' title="bbox 533 4172 753 4230; baseline -0.014 -18"><span class='ocrx_word' id='word_1_242' title='bbox 533 4174 597 4212; x_wconf 88' lang='lat' dir='ltr'><strong>mus</strong></span> <span class='ocrx_word' id='word_1_243' title='bbox 611 4175 688 4212; x_wconf 91' lang='lat' dir='ltr'><strong>num.</strong></span> <span class='ocrx_word' id='word_1_244' title='bbox 707 4172 753 4230; x_wconf 83' lang='lat'><strong>25.</strong></span> 
     </span>
    </p>
   </div>
   <div class='ocr_carea' id='block_1_6' title="bbox 561 4301 1577 4477">
    <p class='ocr_par' dir='ltr' id='par_1_10' title="bbox 561 4301 1577 4477">
     <span class='ocr_line' id='line_1_34' title="bbox 563 4301 820 4359; baseline -0.008 0"><span class='ocrx_word' id='word_1_245' title='bbox 563 4310 569 4335; x_wconf 94' lang='lat'><strong>¹</strong></span> <span class='ocrx_word' id='word_1_246' title='bbox 609 4303 675 4359; x_wconf 86' lang='lat' dir='ltr'><strong>For.</strong></span> <span class='ocrx_word' id='word_1_247' title='bbox 691 4301 766 4358; x_wconf 91' lang='lat' dir='ltr'><strong>ultro</strong></span> <span class='ocrx_word' id='word_1_248' title='bbox 781 4321 820 4358; x_wconf 87' lang='lat' dir='ltr'><strong>se.</strong></span> 
     </span>
     <span class='ocr_line' id='line_1_35' title="bbox 561 4303 1577 4477; baseline -0.007 -17"><span class='ocrx_word' id='word_1_249' title='bbox 561 4410 571 4437; x_wconf 91' lang='lat'>²</span> <span class='ocrx_word' id='word_1_250' title='bbox 586 4304 664 4477; x_wconf 69' lang='lat' dir='ltr'><strong>[hor.</strong></span> <span class='ocrx_word' id='word_1_251' title='bbox 675 4303 845 4459; x_wconf 77' lang='lat' dir='ltr'><strong>inconsulttl.</strong></span> <span class='ocrx_word' id='word_1_252' title='bbox 863 4402 1005 4468; x_wconf 63' lang='lat' dir='ltr'><strong>&#39;sesclae</strong></span> <span class='ocrx_word' id='word_1_253' title='bbox 1015 4399 1184 4473; x_wconf 81' lang='lat' dir='ltr'><strong>incogitnns‚</strong></span> <span class='ocrx_word' id='word_1_254' title='bbox 1195 4398 1380 4455; x_wconf 84' lang='lat' dir='ltr'><strong>inconsultus.</strong></span> <span class='ocrx_word' id='word_1_255' title='bbox 1395 4396 1577 4469; x_wconf 81' lang='lat' dir='ltr'><strong>Gloas.Vett.]</strong></span> 
     </span>
    </p>
   </div>
   <div class='ocr_carea' id='block_1_7' title="bbox 0 0 1959 5167">
    <p class='ocr_par' dir='ltr' id='par_1_11' title="bbox 0 0 1959 5167">
     <span class='ocr_line' id='line_1_36' title="bbox 0 0 1959 5167; baseline 0 0"><span class='ocrx_word' id='word_1_256' title='bbox 0 0 1959 5167; x_wconf 95' lang='lat' dir='ltr'><strong> </strong></span> 
     </span>
    </p>
   </div>
  </div>
 </body>
</html>
