3900 5167
449 438 513 499 288
644 438 709 502 DE
733 440 1122 510 REBAPTISMATE
1147 449 1315 517 LIBER.

449 611 749 701 sesquisaeeulum‚
776 614 890 686 multo
917 619 1035 688 minus
1065 628 1113 690 tot
1143 622 1355 697 seculomm
1386 638 1503 701 motam

449 725 582 795 scriem.
635 724 687 796 At
713 750 825 819 nsque
854 732 899 800 ad
927 743 1089 826 tempora
1117 736 1244 810 Ursini
1272 746 1505 833 preterierant

449 840 551 931 plura
567 841 703 912 soecula.
757 841 817 914 Sic
836 845 1037 919 Banuzws.

451 1150 631 1221 Annnnss
655 1150 897 1224 Gannannrns
914 1154 953 1223 in
970 1151 1236 1253 Prolcyomcnis
1253 1163 1300 1232 ad
1319 1162 1421 1235 Tom.
1441 1165 1504 1235 ΙΙΙ.

501 1263 724 1338 Bibliothecae
746 1290 816 1338 suae
843 1266 912 1340 Vct
931 1268 1085 1342 Poleam
1104 1272 1274 1347 Venetiis
1297 1301 1394 1349 anno
1417 1279 1504 1358 1767

502 1384 649 1467 editum,
667 1387 703 1454 in
721 1408 790 1478 quo
808 1384 876 1455 hoo
895 1385 996 1479 Opus
1013 1391 1171 1480 positum
1189 1402 1256 1462 est.

504 1560 523 1589 ‘⁶
537 1549 665 1643 Colligi
689 1571 736 1618 ex
760 1548 814 1618 his
834 1550 951 1621 verbis
973 1548 1009 1636 (a
1034 1551 1185 1623 Baluzio
1207 1577 1319 1648 supra
1347 1560 1504 1654 objectis)

327 1768 330 1771 Α
452 1690 522 1736 non
549 1665 678 1737 debere
708 1666 758 1735 ait
789 1662 1004 1737 Prudentius
1035 1665 1219 1750 Maranus,
1242 1670 1323 1743 Via
1351 1673 1389 1744 S.
1407 1676 1505 1768 Cypr.

452 1792 632 1853 auctorem
668 1781 800 1852 soeculo
830 1790 958 1872 quarto
989 1784 1128 1865 vixisse,
1158 1785 1221 1855 sed
1258 1793 1505 1861 tantummodo

452 1920 535 1967 eum
574 1900 611 1967 in
651 1897 898 1991 exaggerando
938 1920 1009 1967 non
1045 1897 1148 1969 velde
1186 1902 1359 1974 timidum
1395 1906 1504 1977 fiisse.

455 2013 552 2083 Nam
581 2022 816 2105 praeterquam
847 2013 941 2103 quod
973 2036 1020 2083 ne
1050 2023 1176 2105 quarto
1207 2017 1357 2108 quidem
1384 2022 1505 2092 secuto

454 2130 529 2199 sine
552 2127 703 2199 absurda
724 2126 1001 2219 exaggeratione
1025 2128 1179 2220 objicere
1200 2132 1323 2221 potuit
1340 2141 1391 2204 tot
1405 2157 1506 2205 seca

454 2242 566 2314 neam
590 2252 718 2313 tantam
738 2241 872 2322 seriem,
891 2251 991 2313 certe
1013 2245 1194 2336 conceptis
1211 2245 1332 2318 verbis
1355 2251 1506 2321 declarat

455 2368 536 2429 tunc
559 2361 714 2454 menum
740 2359 1015 2430 controversiam
1046 2360 1091 2428 de
1117 2359 1298 2450 baptismo
1328 2363 1506 2437 hoeretioo·

455 2497 534 2544 rum
565 2476 753 2545 exarsisse:
781 2472 876 2564 quod
905 2472 1035 2544 saeeulo
1061 2474 1207 2544 demum
1232 2477 1344 2547 tertio
1371 2482 1505 2571 proprie

455 2592 628 2684 congruit.
697 2589 793 2673 Quin
832 2588 941 2658 etiam
962 2588 1193 2683 Cypriaunm
1232 2592 1365 2683 ipsum,
1400 2598 1505 2667 tacito

456 2709 610 2789 nomine,
635 2716 676 2776 ut
699 2704 813 2774 adhuc
835 2705 1015 2774 viventem
1040 2714 1078 2775 et
1102 2708 1256 2776 diversas
1284 2720 1404 2800 partes
1428 2734 1504 2781 auc·

458 2825 602 2894 toritate
627 2846 688 2893 sua
715 2829 878 2891 tuentem
904 2830 1095 2914 oppugnat.
1148 2821 1287 2892 Statuit
1311 2827 1409 2895 enim
1428 2826 1455 2926 i.
1472 2833 1502 2896 2.

458 2940 628 3030 ejusmodi
648 2939 892 3007 controversia
906 2934 1037 3005 nullum
1056 2935 1161 3006 oliam
1179 2938 1421 3033 csscfroctom
1439 2945 1504 3012 taisi

465 3066 500 3124 nt
518 3080 605 3124 canace
623 3053 731 3132 horreo,
751 3052 942 3145 quicunqne
959 3050 1017 3121 illc
1034 3062 1091 3132 est,
1111 3076 1245 3148 maynae
1261 3055 1462 3147 pcacdmznae
1476 3068 1504 3126 et

459 3172 660 3241 constantiae
689 3193 758 3238 csse
788 3168 882 3262 opatd
910 3168 1074 3263 quosdam
1109 3168 1193 3239 leoco
1223 3168 1379 3242 homines
1410 3176 1504 3243 inani

456 3288 569 3381 ,clorio
593 3285 815 3380 predicetur,
842 3294 873 3354 et
900 3283 1137 3354 horationem
1165 3295 1303 3379 strepere
1325 3288 1502 3380 paradinas,

460 3404 580 3496 «sceibus
610 3402 672 3472 hoc
701 3425 804 3471 accrum
840 3398 999 3470 solatium
1030 3409 1078 3469 cst
1108 3404 1139 3469 si
1173 3425 1242 3471 non
1272 3400 1338 3471 ooli
1367 3426 1505 3496 pectore

461 3520 653 3599 videantur,
682 3541 814 3587 errores
845 3526 876 3585 ct
905 3517 990 3586 nitio
1021 3517 1260 3585 urzicersnrnm-
1292 3517 1505 3588 ecclesianam

461 3636 659 3714 cccccccccc,
679 3631 772 3726 opacd
792 3630 986 3701 simillimos
1004 3631 1059 3700 sci
1077 3640 1108 3700 et
1125 3655 1299 3724 compares
1318 3631 1504 3703 cebabretcr.

462 3753 550 3835 Quis
569 3774 670 3846 porro
689 3748 863 3840 Cypriano
882 3760 955 3817 tam
981 3749 1131 3840 indignis
1155 3748 1267 3817 modis
1293 3752 1505 3820 conviciatus

462 3877 565 3948 osset,
597 3875 782 3957 postquam
813 3863 988 3932 maculam
1021 3864 1155 3944 erroris,
1188 3885 1292 3954 quem
1330 3888 1401 3934 non
1435 3868 1505 3935 sine

463 4005 600 4050 stimma
639 3981 745 4049 animi
781 3979 1022 4048 moderatione
1058 3980 1091 4046 in
1129 4003 1166 4047 re
1201 3980 1358 4048 nondum
1395 3982 1505 4051 decisa

463 4096 677 4174 defenderat,
703 4095 869 4184 rraartyrio
896 4092 1071 4169 abstersit,
1099 4094 1242 4184 ejusque
1269 4096 1433 4176 nominis,
1457 4117 1503 4161 re·

463 4213 628 4301 frigeroto
646 4210 882 4280 contentionis
900 4219 1001 4288 aestn,
1021 4232 1158 4278 summa
1179 4212 1318 4279 exstitit
1341 4212 1374 4279 in
1396 4211 1503 4280 omni-

464 4328 528 4395 bns
546 4327 701 4396 ecclesiis
721 4326 906 4395 celebritas
917 4323 949 4392 ?''
