3900 5167
448 455 493 519 54
681 449 934 518 ARcHaLAI
958 449 1026 514 ET
1047 449 1269 515 MANETIS

448 622 498 703 aiv
525 622 722 725 ἅνθρωπος,
748 625 808 702 καὶ
836 627 869 701 oi
900 620 1081 723 ὦνθροπῐοι
1110 619 1366 721 ὑπελάμβανον
1391 619 1492 702 asitha

448 753 697 852 γεγεννῆσθαι.
742 746 859 828 ἐλθὼν
891 749 955 827 οὖν
987 754 1136 827 ποιεῖται
1170 745 1238 846 τὴν
1266 749 1493 853 δημιουργίαν

446 873 538 979 πρὸς
568 876 750 977 σωτηρίαν
777 880 850 953 τῶν
873 878 1016 980 ψυχῶν,
1043 876 1101 954 καὶ
1130 871 1295 979 μηχανὴν
1316 874 1491 975 σννεσνή·

447 1035 542 1081 σοπο
560 1001 716 1105 ἔχουσαν
733 1000 870 1080 δώδεκα
887 998 1026 1097 κάδους,
1044 999 1070 1100 ἦ
1090 1033 1145 1083 τις
1170 997 1239 1080 ὑπὸ
1256 1004 1322 1100 τῆς
1338 1002 1496 1109 σφαίρας

435 1126 686 1234 στρεφομένη,
713 1127 878 1225 ἀνιμᾶται
907 1132 980 1206 τῶν
1007 1123 1239 1226 θνησκόντων
1265 1125 1330 1211 τὰς
1360 1123 1493 1233 ψυχάς.

449 1258 508 1335 καὶ
544 1253 675 1337 τούτοις
707 1254 727 1332 ὁ
760 1254 872 1355 μέγας
906 1250 1060 1361 φωπῖιρ
1092 1259 1170 1338 ταῖς
1205 1256 1326 1333 citatim
1361 1252 1496 1350 λαβὼν,

449 1381 636 1485 καθαρίζει,
673 1385 732 1460 καὶ
768 1381 986 1480 μεταδιθωσι
1022 1387 1068 1486 τῇ
1103 1380 1252 1486 σελήνη,
1288 1383 1348 1461 καὶ
1388 1383 1497 1464 oritas

449 1519 652 1612 πληροῦται
669 1512 733 1608 τῆς
750 1506 908 1607 σελήνης
935 1510 955 1587 ὁ
981 1508 1114 1605 δίσκος,
1133 1509 1154 1587 ὁ
1170 1512 1254 1611 παρ’
1273 1508 1359 1606 ἡμῖν
1375 1541 1495 1612 προσ·

450 1634 715 1740 αγορευόμενος·
743 1642 855 1716 πλοῖα
881 1632 963 1737 γὰρ,
982 1634 1062 1735 ἤτοι
1087 1640 1262 1737 πορθμεῖα
1287 1629 1375 1714 εῖναι
1402 1633 1497 1737 λέγει

450 1760 533 1847 τοὺς
565 1761 629 1843 δύο
661 1765 871 1871 φοιοπῖηρας.
910 1756 987 1840 εἶτα
1018 1758 1079 1840 ἐὰν
1107 1765 1265 1866 γεμισθῇ
1296 1761 1319 1860 ἡ
1351 1761 1497 1862 σελήνη,

449 1886 729 1992 μεταπορθμεύει
755 1895 803 1972 είς
830 1886 1051 1988 ἀπηλιώτην,
1069 1890 1128 1966 καὶ
1149 1887 1260 1971 οὕτως
1277 1884 1497 1989 ἀπόκρουσιν

449 2023 610 2114 ποιεῖται,
627 2023 694 2096 τοῦ
720 2013 834 2119 γόμου
860 2014 1140 2122 ἐλαφρυνομὲνη·
1170 2017 1229 2094 καὶ
1252 2016 1346 2094 οὕτω
1366 2019 1500 2117 πληροῖ

449 2143 493 2225 τὸ
520 2151 722 2248 πορθμεῖον,
742 2145 801 2223 καὶ
825 2142 939 2224 πάλιν
965 2145 1147 2245 ἀπογομοῖ
1175 2140 1405 2241 ἀνιμοιμεῖνων
1430 2139 1497 2223 ὑπὸ

452 2391 524 2436 oum
544 2390 608 2433 non
628 2374 712 2433 ossot
725 2368 832 2446 homo,
847 2376 881 2433 ct
895 2369 951 2432 ho-
1001 2367 1099 2434 radiis
1115 2368 1181 2432 suis
1195 2365 1356 2431 ⁰adimons
1370 2388 1414 2453 pu
1473 2372 1500 2443 t,

451 2455 552 2521 mines
574 2453 582 2500 ¹
587 2459 781 2541 putaverunt
802 2476 875 2520 oum
896 2476 951 2518 na·
1001 2462 1035 2520 ct
1056 2453 1139 2518 iunae
1158 2452 1270 2529 tradit,
1285 2459 1319 2517 at
1333 2452 1382 2517 ita
1446 2452 1500 2517 ‘m-

451 2549 628 2607 tumesco.
687 2540 767 2606 Oum
795 2562 871 2626 crgo
899 2562 951 2604 va·
1001 2539 1105 2625 pictur
1129 2539 1213 2603 lunas
1239 2537 1374 2613 Pdiscus,
1422 2537 1502 2606 nia

451 2627 561 2704 nisset,
586 2625 764 2691 machinam
790 2626 950 2712 quandam
1000 2624 1092 2689 nobis
1106 2624 1154 2689 ita
1167 2623 1357 2709 appellatur.
1427 2645 1504 2690 avos

452 2712 686 2778 ¹¹‘concinnavit
729 2712 771 2776 ad
814 2712 951 2777 salutem
1000 2710 1084 2775 onim
1099 2710 1147 2775 vel
1169 2708 1393 2775 translatorias
1414 2732 1501 2796 cyrn-

452 2799 650 2870 animarnm;
689 2797 722 2861 id
755 2804 814 2873 est,
845 2805 951 2862 rotam
1000 2796 1058 2861 baa
1073 2818 1141 2861 osso
1156 2795 1233 2860 dicit
1248 2794 1312 2859 duo
1330 2794 1397 2861 ista
1410 2796 1501 2861 lumi·

452 2884 578 2961 statuit,
592 2884 763 2949 habentem
785 2883 950 2947 duodecim
1000 2881 1101 2957 naria,
1117 2889 1150 2947 ct
1171 2903 1244 2946 cum
1264 2880 1389 2967 repleta
1403 2882 1501 2948 fucrit

452 2991 573 3047 urceos,
589 2979 679 3056 ”qnae
698 2976 771 3034 rota
793 2991 850 3117 ηρο
868 2969 950 3034 hano
1000 2967 1084 3044 iuna,
1096 2967 1303 3032 transfretato
1314 2968 1501 3047 animas,ad

452 3057 610 3142 sphoeram
635 3055 779 3132 vortitur,
824 3055 950 3119 auriens
1001 3053 1203 3119 subsolanam
1231 3060 1365 3138 partam,
1391 3061 1425 3119 ot
1453 3053 1501 3119 ita

452 3142 573 3207 animas
587 3141 797 3217 morientium,
811 3162 951 3226 quasque
1000 3137 1500 3225 uapoorusin,dotrimentum‚pa·

452 3226 607 3292 luminare
632 3226 743 3314 majus,
767 3226 800 3289 id
821 3231 883 3303 ost,
904 3226 951 3291 sol
1001 3225 1093 3303 titur,
1110 3247 1182 3291 cum
1201 3245 1296 3289 onore
1309 3224 1406 3290 fucrit
1420 3226 1498 3290 rola-

494 3417 501 3452 ¹
525 3415 625 3474 Codex
640 3415 800 3480 Bobiensis,
822 3414 960 3490 probante
984 3414 1152 3490 Epiphanio,
1168 3415 1303 3490 putabant
1326 3433 1385 3472 cam
1408 3423 1499 3472 natam

452 3534 519 3573 ease.
562 3512 724 3570 casinensis
738 3513 821 3575 male.
835 3519 960 3569 naturam
973 3530 1039 3569 esse.

493 3624 519 3656 ¹²¹
540 3611 639 3670 Codex
656 3612 814 3676 Bobiensia
835 3611 1028 3667 concinnatam.
1071 3608 1249 3687 Epiphanius
1269 3610 1365 3677 habet,
1387 3610 1501 3669 Venient

454 3711 539 3787 initur
552 3727 620 3786 opas
633 3709 764 3783 quoddam
779 3709 816 3765 ad
827 3707 976 3765 animarum
997 3709 1110 3765 salutem
1123 3708 1232 3764 molitas
1244 3716 1295 3774 eat,
1310 3715 1337 3764 et
1351 3708 1499 3766 machinata

453 3807 613 3874 construxit,
628 3807 709 3863 cados
722 3807 858 3864 duodecim
872 3806 1020 3871 tabentem,
1035 3825 1092 3882 qna
1113 3824 1130 3862 a
1151 3806 1257 3881 aptata
1278 3824 1407 3863 convma
1428 3824 1500 3865 mar.

454 3914 561 3963 tuorum
574 3904 680 3960 animoa
693 3921 800 3960 saraam
814 3904 910 3959 evehit.

496 4013 512 4045 ¹¹
528 4000 626 4057 Codex
639 4000 797 4064 Bobiensis,
811 4019 868 4075 qna
875 4019 928 4074 per
938 3998 1008 4056 hanc
1015 3999 1149 4075 sptaeram
1160 3999 1286 4056 hauriens
1295 4000 1401 4056 animas
1410 4001 1498 4058 viven-

454 4100 529 4157 titnn.
571 4097 649 4154 Mala
662 4097 756 4165 lectio,
771 4106 801 4153 ut
816 4116 852 4154 ex
866 4096 1026 4172 Epiphanio
1040 4103 1164 4173 apparet.

496 4205 511 4237 ⁰
532 4194 716 4269 Epiphanius,
730 4198 829 4260 λαβὼν,
845 4213 992 4251 assumens.

496 4303 511 4348 1³
533 4292 633 4348 Codex
646 4292 805 4358 Rabienus,
820 4293 969 4357 discursus,
984 4293 1107 4368 pessima
1120 4292 1214 4350 lectio.

495 4389 565 4445 ‘tin
590 4389 685 4445 codice
711 4390 868 4456 casinensi,
895 4392 1041 4465 apocrisin,
1068 4390 1217 4458 scribitur;
1247 4388 1297 4446 sed
1320 4409 1379 4448 ‚noa
1406 4390 1501 4449 locum
