3900 5167
535 447 599 514 1³6
757 447 1011 513 ARCHELAI
1043 449 1107 513 ET
1138 447 1361 515 MANETIS

533 631 593 691 tur
608 624 677 692 iste
694 645 809 692 sermo
826 645 1017 702 recanere,
1035 633 1099 692 ant
1116 624 1152 692 in
1169 644 1264 705 eum,
1278 624 1341 715 qui
1358 622 1459 693 misit
1476 621 1584 705 illum,

534 737 713 819 Salonem,
731 738 824 808 sicut
842 747 881 807 tu
900 738 997 808 diois.
1026 737 1065 808 Si
1083 740 1179 809 enim
1197 738 1377 810 confiteris
1396 749 1584 809 venturum

533 876 620 936 esse,
639 854 733 945 quod
759 853 957 945 perfeetum
980 864 1047 938 est,
1070 876 1142 924 non
1166 862 1388 946 potestesse
1415 852 1584 937 Satanas;

532 971 709 1039 siautem
741 967 910 1038 Satanam
939 977 1117 1061 expectas,
1148 991 1218 1040 non
1252 978 1374 1063 potest
1405 990 1484 1041 esse
1511 993 1585 1062 per·

532 1085 684 1156 foetum.

452 1277 454 1281 s
582 1198 796 1271 XXXVII.
822 1199 1050 1272 Ascensus
1066 1220 1183 1271 nrxrr.
1221 1200 1402 1283 Quoniam
1418 1221 1492 1271 non
1510 1202 1583 1271 sine

533 1315 613 1386 Deo
638 1316 734 1386 dieta
766 1325 859 1399 sunt,
885 1340 966 1408 quae
992 1340 1015 1387 a
1039 1316 1155 1387 Beato
1181 1317 1294 1388 Panlo
1320 1314 1461 1409 prolata
1490 1325 1581 1403 sunt,

532 1441 670 1502 eertum
696 1441 761 1509 est,
784 1432 878 1522 quod
906 1431 1101 1501 Dominum
1129 1441 1288 1503 nostrum
1313 1432 1439 1502 Jesurn
1464 1430 1581 1501 Chris·

531 1557 610 1616 tum
628 1547 760 1616 dixerit
777 1547 1038 1639 expectandum
1060 1570 1136 1617 esse
1161 1547 1369 1640 perfeetum,
1389 1548 1468 1639 ¹qui
1490 1546 1582 1617 solus

533 1661 676 1733 Patrem
704 1664 812 1743 novit,
831 1671 869 1732 et
892 1664 950 1732 oui
968 1662 1121 1733 voluerit
1140 1662 1307 1746 revelare,
1325 1664 1419 1733 sieut
1440 1684 1580 1755 possum

531 1802 577 1849 ex
595 1778 710 1848 verbis
727 1779 836 1869 ipsius
852 1779 1104 1848 demonstrare.
1144 1777 1217 1849 Sed
1234 1780 1326 1870 quia,
1344 1800 1428 1848 eum
1446 1778 1580 1850 venerit

531 1893 625 1986 qnod
644 1894 841 1986 perfeetum
859 1903 926 1978 est,
943 1896 1146 1965 destruetur
1163 1894 1198 1964 id
1212 1895 1306 1986 quod
1324 1916 1371 1962 ex
1390 1903 1492 1985 parte
1508 1900 1578 1975 est3

530 2010 599 2079 iste
631 2031 713 2078 vero
744 2031 821 2078 sese
851 2017 1029 2080 asseverat
1058 2031 1135 2080 esse
1168 2008 1376 2102 perfeetum,
1407 2007 1494 2099 quid
1523 2008 1579 2077 de

530 2125 663 2194 struxit
688 2125 872 2193 ostendat:
898 2126 992 2216 quod
1022 2125 1118 2194 enim
1144 2124 1357 2205 destruetur,
1382 2123 1579 2217 ignorantia

529 2251 596 2323 est,
614 2264 692 2330 quae
713 2242 749 2308 in
775 2240 878 2310 nobis
900 2248 965 2309 est.
1019 2238 1128 2310 Dieat
1153 2240 1270 2332 igitur,
1289 2238 1374 2331 quid
1392 2238 1577 2317 destruxit,

531 2357 614 2447 quid
634 2357 669 2423 in
687 2355 852 2424 notitiam
876 2353 1050 2446 protulit?
1076 2352 1217 2445 Siquid
1242 2353 1358 2423 faeere
1383 2360 1514 2444 potest,
1532 2352 1578 2422 ia·

530 2472 611 2550 ciat,
635 2480 676 2540 ut
702 2470 796 2539 credi
823 2472 856 2540 ei
888 2468 1021 2562 possit?
1048 2469 1174 2539 Sermo
1197 2492 1281 2538 vero
1306 2470 1383 2551 iste,
1410 2478 1577 2560 quantam

529 2587 659 2657 habeat
684 2588 863 2667 virtutem,
890 2587 917 2655 si
945 2585 1102 2676 potuerit
1128 2583 1318 2677 diligenter
1340 2582 1507 2677 intelligi,
1530 2584 1577 2653 ita

529 2702 673 2772 demum
695 2702 790 2769 credi
817 2702 946 2791 poterit
969 2701 1034 2780 his,
1053 2723 1132 2791 quae
1158 2723 1179 2769 e
1203 2723 1261 2768 me
1285 2700 1418 2769 fuerint
1435 2712 1575 2770 asserta.

530 2816 647 2910 Igitur
675 2817 710 2884 in
746 2816 859 2905 prima
891 2816 935 2886 ad
968 2815 1170 2884 Corinthios
1204 2814 1354 2907 epistola
1386 2815 1462 2885 haee
1493 2815 1576 2886 dicit

530 2932 662 3002 Paulus
689 2932 733 2999 de
759 2931 926 3021 perfeeto,
944 2932 1005 3021 qui
1029 2939 1199 2999 venturus
1224 2939 1288 3011 est,
1307 2928 1406 3001 ’Sive
1422 2927 1576 3023 Prophe-

529 3050 597 3131 lice‚
615 3047 844 3131 destruentur,
866 3045 937 3117 sive
961 3045 1099 3142 linquar,
1123 3044 1306 3127 cessabunt,
1327 3046 1397 3116 rive
1422 3046 1574 3127 seientia,

528 3163 743 3241 destruerem
769 3185 813 3231 ee
824 3171 927 3255 porte
943 3162 1034 3231 enim
1056 3162 1191 3242 erimar,
1210 3169 1241 3230 el
1258 3184 1301 3230 ee
1312 3168 1416 3254 parte
1430 3157 1575 3254 prople-

528 3289 650 3350 lomus.
696 3277 785 3351 Cum
814 3286 925 3347 autem
961 3278 1091 3348 venerit
1118 3276 1210 3370 quod
1233 3273 1422 3370 perfectum
1450 3284 1510 3356 erl,
1540 3273 1576 3344 id

529 3397 620 3491 quod
635 3405 866 3489 reportent,
885 3394 1088 3465 destruetor.
1136 3394 1232 3465 Vide
1250 3417 1333 3485 ergo
1351 3400 1524 3484 quantam
1541 3393 1573 3460 in

527 3539 603 3586 sese
629 3514 759 3582 habeat
783 3514 961 3591 virtutem,
984 3512 1078 3601 quod
1104 3510 1302 3601 perfectum
1328 3518 1393 3591 est,
1416 3517 1455 3578 et
1479 3509 1574 3598 eujus

527 3633 573 3702 sit
598 3630 729 3700 ordinis
757 3628 824 3696 ista
853 3627 1033 3717 perfectio.
1087 3624 1193 3694 Dicat
1224 3633 1344 3693 autern
1373 3624 1442 3692 iste
1470 3646 1574 3715 qnam

527 3746 741 3816 destruxerit
771 3743 993 3834 prophetiam
1019 3741 1043 3809 J
1046 3742 1235 3821 udaeorum‚
1262 3762 1302 3807 ao
1329 3734 1575 3817 Hebraeorum,

529 3860 616 3931 ¹seu'
637 3861 773 3952 linguas
791 3881 925 3928 cessare
945 3858 1030 3926 fecit
1049 3855 1264 3935 Graecorum,
1282 3864 1344 3924 aut
1362 3875 1496 3933 eorum,
1516 3854 1573 3944 qui

526 3977 621 4046 idola
637 3976 770 4057 colunt,
789 3975 845 4043 vel
863 3997 938 4065 queo
961 3971 1031 4041 alia
1054 3973 1221 4064 dogmata
1238 3968 1423 4046 destruxit,
1441 3966 1575 4038 Valen-

527 4092 660 4171 tiniani,
679 4101 742 4159 aut
769 4087 973 4167 Marcionis,
991 4096 1054 4156 aut
1075 4085 1223 4165 Tatiani‚
1247 4092 1310 4152 aut
1336 4080 1493 4162 Sabellii,
1512 4106 1576 4153 oae·

764 4268 773 4310 ¹
789 4271 822 4326 ln
838 4269 987 4326 casinensi
1002 4278 1055 4334 est,
1069 4273 1126 4335 red,
1140 4287 1227 4343 prava
1241 4267 1335 4324 lectio.

689 4385 695 4406 ¹
715 4378 798 4450 [Luc.
815 4398 843 4437 x.
861 4380 922 4452 η]
1090 4387 1098 4410 ·
1117 4398 1127 4435 1
1142 4378 1210 4435 Cer.
1225 4379 1285 4433 xiii.
1300 4377 1408 4434 8-10,
1451 4386 1455 4394 ’
