3900 5167
579 447 643 511 DE
669 445 1051 511 REBAPTISMATE
1075 442 1232 507 LIBER.
1362 440 1428 505 als

432 621 529 691 natis
555 622 694 704 studi03
721 622 750 691 si
778 618 839 690 ille
865 618 926 710 qui
951 619 997 689 ad
1019 616 1215 687 Ecclesiam
1238 616 1427 686 revertitur

436 736 492 805 uit
514 736 631 807 denuo
656 735 837 829 baptizari,
855 735 1016 805 futurum
1039 745 1094 804 est
1117 740 1159 803 ut
1179 730 1427 802 defraudemus

432 853 589 923 ›tismate
611 852 759 946 spiritali
783 874 878 936 eum,
900 873 1006 942 quem
1028 858 1195 943 putamus
1218 848 1427 918 defraudan-

432 990 462 1037 m
478 990 550 1038 uon
566 990 645 1039 esse
661 968 876 1061 baptismate
893 988 1007 1058 aquae.

432 1082 478 1153 X.
505 1083 601 1167 Quid
622 1091 743 1154 autem
770 1091 905 1153 statues
926 1082 963 1152 in
985 1103 1169 1174 personam
1185 1080 1261 1172 ejus
1278 1078 1426 1150 verbum

432 1199 563 1281 licutis,
589 1199 650 1290 qui
681 1199 774 1269 forte
799 1196 1038 1291 adprehensus
1063 1195 1100 1265 iu
1126 1195 1269 1266 nomine
1295 1193 1425 1265 Christi

432 1315 495 1385 tim
522 1315 712 1398 confessus,
736 1338 778 1385 ac
803 1315 1013 1407 priusquam
1033 1312 1202 1405 baptizari
1230 1334 1321 1404 aqua
1347 1335 1426 1405 per-

432 1440 580 1501 tteretur
604 1431 648 1513 ei,
675 1430 801 1500 ¹fuerit
825 1426 994 1521 punitus?
1026 1425 1159 1497 Utrum
1185 1426 1317 1519 perisse
1342 1449 1425 1496 eum

432 1547 631 1630 nuntiabis,
649 1548 732 1639 quia
754 1568 827 1615 nou
848 1554 902 1615 est
925 1566 1018 1635 aqua
1034 1544 1254 1636 baptizatus;
1279 1566 1324 1613 au
1341 1566 1425 1615 vero

432 1662 508 1755 quid
532 1661 752 1732 extrinsecus
774 1660 987 1753 patrocinari
1010 1659 1043 1728 ei
1066 1659 1110 1729 ad
1136 1657 1287 1729 salutem
1304 1660 1427 1730 existi-

433 1776 498 1860 his,
522 1777 606 1848 licet
629 1800 701 1847 nou
728 1777 774 1847 sit
797 1799 888 1867 aqua
913 1774 1136 1867 baptizatus?
1162 1774 1267 1858 Quod
1293 1774 1424 1867 perisse

432 1916 457 1963 u
485 1892 717 1974 existimabis,
744 1891 883 1961 obviam
911 1889 976 1960 tibi
1003 1890 1122 1960 veniet
1148 1890 1325 1959 sententia
1351 1887 1425 1959 Do-

432 2009 462 2079 ni
488 2008 649 2089 dicentis,
668 2005 880 2100 Quicumque
905 2029 957 2076 me
983 2002 1155 2101 consessus
1165 2002 1285 2101 suerit
1307 2027 1420 2075 coram
1431 2023 1560 2075 Macux.

432 2122 578 2207 cinthus,
604 2120 785 2216 confitebor
807 2119 904 2193 illum
934 2130 966 2192 et
991 2144 1051 2218 epo
1078 2144 1193 2193 coram
1213 2118 1324 2191 Patre
1349 2102 1471 2192 mco³²'

432 2237 491 2310 ssin
508 2236 601 2310 coelis
618 2246 676 2308 cst.
728 2237 822 2322 Quia
839 2236 927 2307 nihil
946 2238 1096 2307 interest
1114 2245 1233 2306 utrum
1251 2235 1309 2307 hic
1326 2242 1422 2307 'ver-

432 2378 461 2426 n
485 2355 642 2438 audiens,
667 2377 713 2425 au
737 2353 851 2425 fidelis
879 2355 927 2424 sit
956 2352 1016 2445 qui
1045 2352 1233 2423 confitetur
1254 2352 1420 2437 Domino,

432 2470 567 2540 nmodo
597 2470 713 2562 ipsum
736 2469 918 2540 Christum
948 2491 1054 2561 quem
1083 2469 1243 2539 confiteri
1270 2479 1420 2561 oportet,

432 2589 605 2671 rfiteatur3
631 2591 714 2682 quia
742 2588 918 2658 Dominus
945 2588 1019 2680 pari
1048 2589 1123 2658 vice
1153 2588 1354 2659 confitendo
1382 2596 1420 2658 et

432 2727 448 2775 e
477 2704 713 2787 confessorem
743 2726 847 2776 suum
877 2703 971 2796 apud
1003 2703 1147 2773 Patrem
1175 2703 1308 2774 honore
1335 2726 1418 2773 eum

432 2819 534 2913 rtyrii
551 2820 615 2902 sui,
634 2828 674 2889 ut
691 2818 869 2912 pollicitus
886 2828 951 2900 est,
969 2825 1128 2888 exornet.
1172 2817 1276 2902 Quod
1294 2820 1418 2910 utique

432 2958 444 3005 r
475 2935 583 3005 debet
612 2934 718 3005 latius
751 2935 872 3027 accipi,
900 2934 999 3025 quasi
1029 2935 1139 3027 possit
1168 2957 1419 3027 usquequaque

432 3051 514 3145 rigi,
539 3051 621 3142 quia
645 3058 763 3143 potest
788 3049 918 3120 Christi
944 3072 1075 3120 nomeu
1100 3051 1208 3120 etiam
1233 3050 1419 3122 haereticus

432 3168 509 3258 quis,
528 3167 588 3258 qui
615 3177 734 3236 tamen
758 3167 875 3258 ipsum
892 3165 1074 3236 Christum
1100 3176 1219 3261 negat,
1237 3168 1418 3251 confiteri3

433 3306 455 3353 a
479 3284 517 3351 in
541 3281 651 3352 alium
669 3275 850 3353 Christum
874 3283 997 3366 credit,
1014 3291 1113 3354 ³cum
1132 3283 1293 3354 Christus
1310 3284 1418 3354 confi-

433 3408 501 3481 tur,
519 3400 659 3490 quodei
680 3400 857 3492 prodesse
878 3401 1026 3471 minime
1051 3400 1180 3492 possit3
1206 3401 1252 3469 ⁴si
1273 3400 1417 3491 quidem

432 3514 548 3584 miuus
566 3537 636 3583 non
654 3516 806 3607 seipsum
822 3516 858 3583 iu
872 3515 1128 3586 confessionem
1145 3538 1166 3585 a
1184 3514 1283 3585 nobis
1301 3537 1419 3585 coram

434 3744 520 3803 fuerit
533 3746 663 3820 punitus]
681 3746 802 3803 Occisus
816 3765 868 3821 pro
882 3748 1009 3807 nomine.
1030 3749 1155 3806 Rronar.

434 3834 699 3917 verbum'audieus]
717 3843 953 3902 Catechumeuus.
977 3847 1102 3903 Rronar.

434 3958 500 3997 cum
521 3940 654 3997 Christus
676 3942 858 4015 confiteatur]
889 3942 954 3999 For.
977 3943 1165 4010 scribendum,
1184 3963 1247 4000 cum
1271 3943 1418 4003 Christum

432 4039 532 4094 htetur.

434 4136 458 4191 si
480 4137 593 4210 quidem
615 4137 755 4193 Dominus
776 4156 834 4193 nou
856 4138 994 4213 seipsum]
1018 4140 1195 4213 Legendum,
1213 4138 1351 4196 Dominus
1371 4160 1418 4196 no·

432 4278 434 4289 ,
449 4242 498 4290 aut
512 4245 588 4290 certe
603 4234 724 4290 delenda
737 4245 780 4291 est
795 4237 918 4310 negandi
932 4236 1078 4310 particula.
1104 4236 1217 4292 Etenim
1233 4237 1303 4293 dixit
1319 4238 1418 4294 Domi.

449 4331 504 4393 Qui
523 4351 564 4386 me
583 4332 725 4406 consessus
734 4332 837 4405 fuerit.
861 4333 988 4390 Rmsas,
1031 4333 1141 4408 Legere
1162 4334 1267 4403 malim,
1283 4335 1415 4410 siquidem

432 4430 506 4484 sinus
520 4448 571 4483 noo
586 4429 678 4493 olium,
693 4431 742 4485 sed
753 4430 876 4504 seipsm.

432 4546 480 4586 CL·
497 4548 526 4587 V.
787 4566 789 4568 ·
860 4549 874 4587 S
889 4549 903 4588 fl
