3900 5167
522 430 588 496 260
889 433 920 494 S.
937 431 1206 497 AUGUSTINI

357 627 423 675 cn.
434 626 459 674 a
574 606 786 700 Pelagianus
802 630 824 676 a
841 606 1061 698 Luperciana
1077 607 1187 676 dixit:
1212 604 1390 701 Saeptum
1415 614 1474 688 est,
1491 607 1564 678 Aac

355 708 698 820 {fa-“alionum
714 721 812 793 Deus
835 732 894 804 est,
910 732 971 792 aut
992 720 1089 792 Baal
1108 720 1205 793 Deae
1229 730 1286 793 cst.
1337 720 1397 793 Iu
1420 730 1453 793 ct
1476 746 1566 793 nanc

522 849 583 910 aut
611 836 768 909 Ecclesia
800 837 953 908 Ecclesia
983 846 1040 919 est,
1066 847 1127 908 ard
1154 836 1294 909 dier-cais
1320 836 1478 909 Ecclesia
1506 846 1565 908 cst.

521 954 641 1026 Pana
656 958 690 1025 si
706 953 848 1024 dicretis
863 953 1020 1025 Ecclesia
1042 978 1111 1025 aaa
1127 964 1185 1037 est,
1203 952 1368 1049 ῳιοηιοᾶο
1384 978 1455 1025 case
1473 954 1567 1048 apud

521 1068 699 1141 doerclicos
715 1069 883 1163 bapluum
899 1068 1065 1141 Ecclesia
1075 1070 1219 1163 potest?

572 1186 671 1256 Huic
706 1189 758 1256 ita
792 1208 976 1277 possumus
1009 1188 1237 1277 respondere:
1276 1185 1354 1255 Aut
1388 1187 1565 1277 paradisus

521 1303 713 1396 paradisus,
730 1313 794 1371 aut
810 1300 986 1393 AEgyptus
1002 1301 1200 1393 paradisus:
1227 1324 1329 1393 porro
1345 1303 1374 1371 si
1391 1300 1565 1394 AEgyptus

520 1419 702 1510 paradisus
729 1440 798 1486 non
827 1427 893 1499 est,
924 1417 1100 1508 quomodo
1126 1440 1202 1487 esse
1228 1418 1266 1486 iu
1293 1415 1448 1510 AEgypto
1476 1440 1565 1508 aqua

521 1534 672 1625 paradisi
696 1533 837 1624 potest?
876 1532 949 1602 Sed
973 1534 1113 1603 dicetur
1132 1533 1242 1612 uobis,
1260 1533 1379 1603 Etiam
1402 1532 1488 1603 illuc
1505 1555 1565 1602 ex·

521 1650 639 1719 eundo
668 1649 837 1739 pervenit.
889 1647 951 1717 Sic
975 1672 1061 1742 ergo
1084 1649 1129 1718 ad
1154 1648 1336 1718 haereticos
1358 1649 1563 1740 baptismus.

429 1790 431 1792 ·
521 1763 617 1835 Item
647 1765 816 1834 dicimus:
850 1762 928 1833 Aut
958 1776 1058 1855 petra
1087 1763 1246 1835 Ecclesia
1274 1776 1341 1848 est,
1367 1773 1430 1835 aut
1461 1787 1565 1834 arena

523 1878 692 1951 Ecclesia
745 1878 855 1948 Porro
880 1881 963 1970 quia
988 1903 1057 1948 uon
1084 1890 1138 1949 est
1162 1902 1269 1949 arena
1290 1878 1458 1960 Ecclesia,
1480 1902 1565 1970 quo-

520 1996 628 2066 modo
644 1994 739 2087 apud
756 1996 894 2085 eosqui
912 2017 1017 2087 super
1034 2018 1176 2065 arenam
1193 1994 1378 2077 oedificsnt,
1390 1994 1563 2065 audiendo

522 2112 628 2181 verba
640 2112 771 2181 Christi
790 2121 827 2180 et
845 2134 916 2179 uon
933 2112 1105 2191 faciendo,
1122 2133 1198 2181 esse
1216 2110 1410 2201 baptismus
1427 2108 1562 2201 potest?

521 2236 695 2297 ettamen
713 2240 778 2297 est.
830 2225 890 2297 Sic
907 2249 992 2320 ergo
1009 2237 1046 2296 et
1062 2227 1155 2317 apud
1172 2226 1363 2297 haereticos.

358 2357 453 2419 ‘'st-s
570 2343 718 2413 Jadera
738 2344 867 2415 Midila
883 2343 995 2412 dixit:
1020 2341 1159 2414 Scimus
1181 2364 1249 2411 aaa
1269 2365 1339 2411 esse
1363 2340 1436 2412 nisi
1460 2364 1562 2411 anam

520 2456 722 2551 baptismam
742 2461 780 2528 iu
797 2458 952 2529 Ecclesia
970 2456 1158 2529 callidiori:
1185 2466 1217 2527 ct
1234 2456 1309 2527 idco
1326 2480 1395 2527 naa
1412 2455 1563 2528 άεόεηιιιε

521 2572 700 2644 admittere
716 2572 923 2648 decreticum,
941 2575 1013 2643 sitsi
1029 2572 1220 2667 baptizatus
1233 2570 1353 2667 suerit
1378 2572 1474 2666 apud
1494 2595 1562 2650 aot,

521 2711 563 2757 ac
592 2714 628 2759 se
656 2699 752 2782 putei
781 2700 879 2759 caira
910 2687 1098 2759 Ecclesiam
1130 2685 1327 2758 catholicam
1357 2686 1561 2781 baptizatum

521 2826 601 2873 esse.

574 2920 669 2987 Huic
689 2922 928 3011 respondetur,
946 2922 1028 3010 quia
1054 2922 1080 2988 si
1109 2919 1174 2988 hoc
1198 2922 1241 2988 de
1264 2921 1392 3009 iniquis
1415 2919 1484 2990 illis
1507 2920 1561 3010 qui

521 3045 623 3101 extra
646 3048 781 3124 petram
808 3048 891 3104 suut
916 3037 1102 3116 diceretur,
1121 3035 1207 3104 falso
1234 3038 1356 3125 utique
1378 3035 1561 3105 diceretur.

521 3150 580 3216 Sic
599 3162 737 3240 ergoet
756 3151 800 3219 de
818 3151 1004 3221 haereticis.

359 3282 422 3329 civ.
439 3295 475 3328 ιο.
573 3262 666 3334 Item
698 3266 787 3333 alius
816 3266 916 3334 Felix
947 3291 967 3335 a
999 3266 1191 3335 tlarazana
1222 3269 1331 3336 dixit:
1365 3266 1445 3337 Uria
1463 3268 1563 3361 fidet,

358 3363 626 3447 Ephe*⁵”5'uuruu
644 3378 835 3472 baptisatam
861 3379 921 3450 scd
937 3379 1101 3449 Ecclesia
1121 3379 1305 3463 catholice,
1322 3384 1380 3451 cai
1402 3382 1468 3454 soli
1491 3383 1564 3454 licet

520 3492 707 3584 baptizare.

570 3612 666 3692 Quid
693 3612 721 3678 si
748 3610 836 3679 alius
859 3612 909 3678 ita
931 3611 1083 3680 diceret:
1117 3611 1199 3681 Una
1227 3612 1323 3691 fides,
1341 3636 1451 3682 unum
1484 3616 1565 3706 bap-

521 3727 643 3807 tisma:
670 3727 730 3795 sed
749 3726 926 3814 justorum
946 3736 1095 3806 tautum,
1114 3728 1241 3816 quibus
1266 3728 1347 3798 solis
1374 3729 1457 3798 licet
1485 3731 1565 3821 bap-

522 3840 652 3907 tizare?
694 3839 796 3907 Sicut
827 3839 899 3907 hacc
930 3840 1036 3908 verba
1065 3841 1320 3923 refellerentur,
1351 3844 1403 3912 ita
1432 3854 1470 3912 et
1501 3846 1565 3912 ists

522 3956 697 4023 sententia
716 3954 906 4022 refellatur.
961 3954 1020 4022 An
1039 3965 1075 4025 et
1100 3957 1218 4045 injusti
1238 3952 1317 4026 inec
1335 3960 1371 4025 in
1390 3959 1466 4048 ipso
1484 3960 1564 4049 bap-

563 4243 568 4284 i
587 4247 641 4302 Hic
657 4251 821 4321 particulam
837 4274 892 4317 nec,
906 4275 967 4327 quae
983 4257 1010 4310 in
1027 4258 1109 4313 editis
1124 4259 1228 4323 deerat,
1242 4264 1416 4319 restituimus
1430 4285 1464 4320 ex
1482 4266 1561 4319 MSS.

524 4342 569 4409 (ln
587 4344 655 4398 meis
670 4365 780 4418 quoquc
795 4356 898 4417 extat.)
