3900 5167
729 458 1041 523 DISPUTATIO.
1344 458 1408 526 165

432 655 462 704 rs
478 633 606 716 aiebat,
618 630 712 703 iNon
723 632 867 728 putatu,
884 631 965 727 quio
982 657 1042 730 epo
1059 656 1117 706 cos
1134 632 1297 706 comoedo
1313 633 1409 730 opud

432 771 511 819 rem.
562 747 629 819 Eat
654 749 715 843 qui
739 771 798 820 ooo
823 757 954 820 avocet
970 748 1124 844 Moyses,
1142 745 1205 820 kin
1230 761 1327 844 quem
1351 774 1409 824 vos

432 864 526 942 ctis:
550 863 584 934 si
606 864 698 934 enim
714 858 914 935 lorederetis
934 861 1067 960 Moysi,
1086 863 1269 936 crederetis
1291 866 1409 960 utique

432 976 529 1058 aila·
554 978 596 1050 dc
620 1002 674 1050 me
703 979 794 1050 enim
824 976 883 1050 ille
911 980 1062 1075 empsit.
1115 977 1273 1067 Quodsi
1297 977 1409 1051 limas

432 1118 453 1165 u
486 1117 556 1166 coo
590 1094 740 1176 creditis,
769 1094 936 1189 quomodo
969 1093 1079 1167 codro
1114 1095 1198 1166 mma
1233 1094 1409 1166 credetis?

434 1221 452 1282 t
485 1214 594 1282 etiam
625 1212 726 1282 malio
754 1212 878 1295 multe,
909 1235 990 1304 quae
1021 1212 1091 1282 dici
1120 1221 1264 1304 possent
1294 1221 1332 1284 et
1363 1213 1408 1283 de

432 1327 533 1399 stolo
551 1327 673 1411 Paulo,
695 1338 734 1399 et
759 1328 804 1399 de
829 1326 1043 1422 Evangeliis,
1066 1350 1113 1398 ex
1138 1326 1266 1419 quibus
1291 1336 1409 1399 osteu-

432 1468 440 1513 υ
474 1467 659 1537 possumus
690 1455 848 1515 veterem
884 1444 999 1538 legem
1036 1466 1107 1514 non
1141 1465 1217 1513 esse
1251 1442 1406 1526 alterius,

432 1582 464 1630 m
490 1559 646 1644 Domini,
670 1562 770 1654 cujus
795 1570 850 1631 est
876 1583 1007 1630 uovum
1024 1559 1310 1642 Testamentum,
1328 1583 1407 1651 quae

435 1684 682 1768 competenter
697 1686 909 1769 ”exponere
927 1684 965 1746 et
981 1684 1103 1765 aptare
1119 1676 1296 1745 convenit.
1322 1674 1347 1746 J
1348 1699 1406 1747 am

432 1813 482 1862 ter
507 1792 668 1885 impedit,
696 1792 772 1863 dies
801 1794 897 1863 enim
927 1792 1114 1874 clauditur,
1141 1800 1179 1862 et
1207 1790 1315 1862 finem
1343 1815 1407 1864 nos

433 1905 558 1977 utendi
575 1907 691 1977 faeere
714 1930 777 1999 par
800 1915 876 1990 est3
899 1908 1052 1977 crastino
1069 1916 1191 1976 autem
1208 1906 1343 1990 ⁰u0bis,
1361 1907 1407 1978 de

432 2045 484 2093 rus
509 2022 574 2093 tibi
601 2024 749 2106 videtur,
776 2024 992 2115 quaestiones
1018 2021 1223 2094 habeantur.
1277 2023 1326 2094 Et
1352 2024 1406 2095 his

432 2139 461 2208 is
478 2139 744 2209 discesseruntr.

432 2253 550 2325 [LVI.
576 2253 667 2325 Cum
699 2265 821 2326 autem
854 2277 958 2326 mane
988 2255 1123 2325 factum
1153 2265 1259 2337 esset,
1287 2255 1406 2327 subito

432 2372 561 2441 tutavit
576 2370 775 2443 Archelaus
797 2372 841 2442 ad
862 2371 1048 2443 castellum
1066 2371 1170 2454 hunc,
1189 2373 1225 2442 in
1242 2395 1313 2463 quo
1330 2394 1406 2443 mo-

432 2495 500 2557 itur
527 2486 715 2572 Diodoms,
735 2490 938 2580 priusquam
969 2488 1113 2558 omnino
1142 2488 1327 2580 quisquam
1360 2489 1405 2559 ad

432 2600 536 2673 licum
572 2605 790 2696 procederet.
842 2602 972 2674 Manes
1002 2626 1085 2673 vero
1117 2605 1283 2695 ignorans
1315 2627 1406 2696 prae·

433 2741 494 2789 em
523 2741 601 2789 esse
630 2717 860 2802 Archelaum,
886 2742 1025 2791 mrsum
1053 2718 1250 2790 Diodorum
1280 2741 1406 2812 provo-

432 2846 459 2908 st
483 2836 529 2906 ad
555 2836 747 2929 publicum,
765 2846 806 2906 ut
826 2859 909 2907 cum
934 2860 977 2907 eo
1002 2836 1241 2928 disputatione
1258 2844 1405 2905 conten·

432 2962 466 3035 o,
493 2952 615 3022 rolens
648 2974 732 3022 eum
763 2952 878 3023 verbis
912 2954 1121 3045 opprimere,
1152 2973 1197 3020 ex
1233 2973 1276 3021 eo
1308 2952 1403 3042 quod

432 3069 570 3149 artebat,
598 3091 681 3138 eum
711 3067 892 3139 hominem
921 3091 998 3139 esse
1028 3067 1235 3161 simplicem,
1264 3079 1302 3137 et
1332 3089 1403 3136 nou

432 3185 711 3275 iscripturarum
735 3184 991 3276 quaestionibus
1009 3183 1208 3266 emditum3
1234 3180 1402 3252 Archelai

432 3323 449 3369 u
467 3301 634 3371 doctrine
644 3301 721 3391 jam
738 3310 944 3393 perceperat
960 3309 1117 3393 gustum.
1152 3295 1245 3367 Cum
1262 3319 1347 3391 ergo
1364 3307 1402 3368 et

432 3505 517 3563 lodex
531 3504 689 3571 Bobieusis‚
704 3505 769 3562 Nos
778 3506 905 3582 potestis.
921 3505 1044 3580 pessime
1057 3504 1149 3561 lectio.

432 3602 588 3660 Desinensis
602 3603 702 3667 codex,
716 3602 838 3677 Moyses,
853 3622 936 3677 quem.
957 3601 1042 3658 lectio
1056 3601 1217 3677 rejicienda.

432 3699 517 3756 lodex
527 3699 686 3764 Bobieusis‚
696 3701 807 3757 creditis
815 3699 919 3774 Moysi,
930 3698 1072 3755 crederitis
1080 3699 1280 3773 utiqueforaoa
1288 3708 1315 3757 et
1325 3700 1400 3759 midi.

432 3797 532 3855 Codex
546 3796 720 3863 casinensis,
735 3797 792 3854 olio
799 3797 886 3873 pluro
893 3799 965 3871 jum,
981 3816 1041 3873 quc
1053 3798 1110 3854 dici
1118 3799 1237 3873 possint.

432 3895 520 3953 lodex
538 3897 696 3962 Bobiensis,
712 3917 842 3973 exponere
859 3908 886 3956 et
903 3898 1024 3956 oPatre
1042 3907 1072 3955 ut
1093 3898 1223 3962 concernit,
1239 3916 1301 3972 quae
1315 3899 1402 3956 verbs

436 3995 545 4051 nullum
566 3996 671 4052 habere
687 4014 801 4053 sensum
817 3996 934 4053 vidisset
949 3996 1089 4061 Valesius,
1104 4015 1235 4071 exponere
1252 4005 1278 4052 et
1293 3999 1401 4072 operire

432 4094 523 4158 ruerit,
540 4093 747 4151 emendandum
769 4112 831 4150 esse
852 4094 979 4168 putavit:
1003 4102 1031 4150 et
1052 4095 1165 4168 quidem
1188 4112 1245 4150 non
1266 4101 1353 4160 recte,
1368 4101 1401 4150 ut

432 4190 550 4247 minensi
564 4189 662 4247 codice
676 4199 801 4265 apparet.

432 4287 519 4344 lodex
535 4287 685 4344 Bobieusis
698 4306 757 4343 nou
770 4295 857 4348 recte,
872 4286 957 4343 volu.

432 4386 486 4443 luc
500 4405 589 4460 usque
604 4385 691 4442 edidit
705 4384 846 4442 Valesius.
