3900 5167
542 429 606 497 176
772 427 1024 493 ARCHELAI
1048 428 1113 491 ET
1137 427 1358 492 MANETIS

540 603 700 675 ducemus
717 612 749 674 et
764 600 927 684 bibamus,
945 625 1023 673 orus
1048 602 1139 673 enim
1161 602 1358 673 moriemur.
1413 598 1502 670 Haeo
1527 622 1580 671 au·

540 728 615 790 tem
633 720 752 789 omnia
768 719 959 799 oonneetis,
978 729 1134 812 nnegans
1151 717 1245 809 quod
1272 717 1317 786 de
1342 716 1463 788 Maria
1487 725 1582 787 natus

539 842 616 916 est;
641 834 669 904 si
688 835 781 903 enim
801 835 982 903 confessus
1005 832 1113 904 tueris
1135 854 1216 902 enm
1243 833 1288 902 de
1311 830 1431 904 Maria
1456 841 1583 912 natum,

539 956 578 1018 et
601 949 716 1040 passio
739 949 975 1039 subsequatur
999 970 1142 1018 neeesse
1167 956 1288 1028 estet
1312 948 1512 1039 passionem
1537 969 1584 1016 ne

539 1064 719 1144 surrectio,
736 1072 774 1132 et
796 1064 1087 1133 resurrectionem
1108 1062 1295 1154 judicium,
1313 1071 1352 1133 et
1372 1062 1473 1133 salva
1490 1062 1584 1132 nobis

539 1186 644 1247 erunt
670 1176 861 1268 Scripturae
885 1187 1074 1269 praeoepta
1126 1174 1213 1247 Non
1229 1198 1315 1269 ergo
1332 1176 1410 1267 jam
1430 1197 1521 1246 vana
1535 1184 1584 1245 est

540 1292 696 1383 quaestio,
714 1291 775 1360 sed
799 1290 951 1380 plurima
969 1292 1005 1360 in
1023 1291 1091 1362 hoe
1109 1290 1227 1360 verbo.
1280 1290 1383 1361 Sicut
1400 1289 1498 1360 enim
1515 1310 1584 1358 om·

539 1406 593 1476 nis
611 1406 679 1486 lex,
697 1415 735 1475 et
750 1404 948 1497 prophetiae
966 1406 1002 1475 in
1021 1406 1159 1476 duobus
1175 1404 1396 1475 sermonibus
1413 1413 1583 1485 constant,

538 1523 590 1591 ita
606 1523 714 1591 etiarn
740 1531 860 1590 nostra
882 1521 997 1590 omnis
1022 1543 1101 1613 spes
1126 1522 1163 1590 in
1189 1519 1311 1590 Beatoe
1338 1521 1460 1589 Mariae
1485 1529 1584 1611 partu

538 1658 705 1728 suspensa
721 1645 796 1717 est3
822 1644 860 1704 et
878 1635 957 1704 ideo
974 1637 1148 1728 responde
1164 1634 1251 1705 mihi
1272 1636 1316 1705 ad
1342 1634 1494 1728 singula,
1511 1657 1585 1726 qne

538 1761 576 1821 te
593 1749 828 1842 interrogabo.
879 1751 1068 1832 Quomodo
1084 1752 1290 1843 alriioiemus
1307 1759 1426 1821 tantas
1442 1762 1482 1821 et
1499 1748 1586 1820 tales

538 1864 701 1957 Apostoli
727 1888 841 1948 voees,
867 1888 949 1956 quae
975 1866 1110 1949 dieunt,
1137 1864 1250 1939 ⁰C'um
1280 1874 1391 1936 autem
1407 1864 1491 1961 suit
1517 1863 1588 1935 Dei

537 1978 692 2050 voluntas
718 1981 756 2049 in
782 1979 890 2064 nodia
909 1981 1004 2053 misit
1021 1979 1156 2052 Filium
1180 2005 1280 2052 suum
1294 1979 1436 2076 factum
1453 2004 1499 2051 er
1516 2004 1588 2050 ma-

537 2091 676 2164 liere¹i
702 2096 750 2165 Et
781 2098 920 2178 iterum,
951 2095 1105 2168 'Pascha
1135 2106 1289 2168 nostrum
1316 2094 1513 2167 immolatus
1541 2104 1588 2167 est

539 2207 710 2282 Christus.
764 2212 812 2282 Et
833 2214 926 2304 quia,
943 2209 1067 2295 ’Deua
1086 2221 1118 2283 et
1134 2210 1325 2283 Dominum
1350 2212 1540 2293 meritorii,
1557 2221 1588 2282 et

537 2348 600 2397 nos
615 2337 713 2397 tcum
740 2326 800 2398 illo
825 2327 1003 2399 suscitabit
1023 2352 1089 2422 per
1107 2329 1265 2400 virtutem
1282 2352 1389 2399 suam.
1444 2328 1493 2398 Et
1519 2328 1588 2400 alia

536 2441 650 2511 multa
672 2442 728 2512 his
753 2443 880 2513 similia
898 2443 994 2513 diota
1015 2453 1110 2526 sunt,
1128 2452 1169 2513 ut
1194 2453 1249 2513 est
1274 2443 1372 2524 illud,
1389 2442 1586 2531 ⁴Quomodo

536 2554 655 2627 dieunt
672 2557 812 2650 qnidam
838 2558 876 2627 in
902 2556 1026 2638 trabis,
1045 2559 1128 2651 quia
1149 2558 1354 2629 resurrectio
1371 2568 1584 2629 mortuorum

575 2783 591 2813 ¹¹
605 2773 651 2829 lta
663 2774 815 2848 legendum
826 2774 932 2838 censui.
946 2774 1013 2832 licet
1027 2775 1056 2830 in
1070 2774 1167 2831 codice
1177 2773 1324 2830 casinensi
1338 2773 1488 2839 scribatur,
1499 2793 1580 2848 nequ-

535 2872 570 2923 ris
584 2870 614 2924 id
626 2871 705 2943 quod.

575 2976 590 3006 ⁰
612 2966 736 3041 Vulgata
750 2968 836 3023 editio
857 2987 952 3042 graeco
967 2968 1058 3024 textui
1072 2986 1197 3024 consone
1210 2967 1290 3041 legit,
1305 2967 1345 3022 Ae
1366 2967 1412 3022 abi
1432 2968 1506 3022 venit
1522 2968 1581 3041 ple·

534 3062 626 3117 nitardo
640 3064 768 3137 terporis
777 3083 900 3138 ‚eamque
921 3066 1071 3121 lectionem
1092 3065 1213 3139 probant
1234 3064 1368 3128 lreuaeus,
1382 3064 1581 3127 Tertullianus,

535 3158 703 3232 Cyprianus,
718 3167 747 3215 et
761 3160 817 3216 alii.

575 3265 590 3308 Ρ
612 3255 715 3319 Verba,
738 3275 795 3312 cum
817 3257 874 3320 ille,
895 3277 951 3313 non
971 3258 1078 3313 habent
1095 3275 1199 3331 greca
1222 3276 1313 3330 neque
1335 3257 1470 3331 vulgata
1493 3276 1582 3332 neque

534 3351 659 3407 lrenaeus
679 3352 726 3408 lib.
749 3368 775 3426 5.
799 3353 934 3409 adversus
956 3354 1025 3409 haer.
1046 3373 1108 3428 eap.
1130 3354 1157 3409 6.
1181 3362 1209 3409 et
1232 3368 1258 3427 7.
1284 3373 1375 3427 neque
1393 3353 1582 3410 Tertullianus

532 3448 605 3505 libro
620 3466 646 3522 5.
662 3449 797 3505 adversus
812 3450 990 3507 Marcionem
1005 3451 1096 3524 capite
1111 3469 1135 3523 7.
1152 3470 1242 3524 neque
1262 3450 1291 3505 in
1311 3450 1384 3505 libro
1396 3450 1431 3506 de
1446 3451 1582 3508 Pudicitia

533 3546 624 3619 capite
636 3547 678 3602 16.
701 3549 849 3616 (Attamen
862 3548 1053 3623 Hieronymus
1062 3568 1104 3622 ep.
1115 3548 1270 3603 udAmand.
1280 3548 1420 3604 referente
1430 3548 1581 3618 Sabatier.)

574 3652 589 3695 (l
605 3642 637 3697 In
649 3644 745 3699 codice
757 3644 904 3700 Casinensi
919 3653 971 3708 est,
987 3646 1014 3699 in
1029 3645 1114 3708 noim,
1129 3654 1158 3699 et
1171 3644 1253 3709 infra,
1265 3663 1334 3699 oona
1348 3645 1470 3718 estfidea
1480 3656 1580 3703 nostra.

533 3735 591 3793 Sed
606 3738 738 3811 Vulgata
760 3739 843 3795 lectio
859 3740 923 3795 huic
945 3740 1128 3813 praeferenda‚
1144 3749 1242 3813 utpote
1256 3759 1318 3812 quae
1332 3758 1367 3795 ex
1388 3740 1495 3797 librarii
1510 3744 1579 3798 osci·

532 3834 622 3889 tantia
639 3835 768 3890 videatur
786 3844 894 3899 exorta,
915 3837 1040 3892 lrenaeus
1062 3856 1172 3911 qnoque
1193 3836 1392 3901 Tertullianus,
1411 3837 1579 3911 Cyprianus.

531 3929 633 4002 aliique
647 3931 675 3983 V
677 3931 780 4004 ulgatae
801 3931 952 3987 lectionem
974 3942 1139 4005 sequuntur.
1178 3934 1234 4005 (De
1248 3932 1341 3987 verbis
1362 3933 1451 3988 sacris
1470 3934 1579 3991 omissis

531 4033 596 4097 post
611 4025 666 4088 illa,
679 4047 754 4099 quem
775 4047 826 4083 non
847 4030 998 4093 maritavit,
1015 4029 1126 4085 vidend.
1143 4039 1211 4085 nota
1227 4030 1262 4084 ad
1277 4027 1453 4092 Africanum,
1469 4049 1495 4104 p.
1511 4047 1577 4104 333Ι

532 4121 588 4176 vol.
605 4121 633 4177 ii.
650 4123 817 4197 Reliquiur.)

574 4240 661 4296 'Gal
678 4242 713 4297 iv.
729 4260 757 4313 4.
862 4244 987 4299 ’rCor.
1004 4264 1029 4300 v.
1048 4261 1073 4317 7.
1171 4244 1382 4315 ’lbid.vi.14.
1487 4243 1576 4300 ⁴1bid.

532 4353 718 4393 rura—20.
