3900 5167
523 447 545 505 8
895 442 1199 505 ARCHELAUS.

524 635 588 678 suae
604 613 729 698 scriptis
744 613 920 677 mandasse.
966 612 1049 675 Nam
1065 612 1262 697 Epiphanius
1277 612 1398 696 ipsoex
1412 609 1564 694 alioque

523 715 608 799 piam
636 713 787 778 Archelai
808 714 889 777 libro
911 714 955 777 nil
980 714 1104 791 recitat,
1129 714 1268 798 nihilque
1292 713 1390 777 ferme
1414 712 1566 776 adversus

525 815 777 880 Manichaeorum
806 836 928 880 errores
958 815 1091 900 profert,
1120 815 1205 898 quod
1230 814 1263 877 in
1293 812 1519 899 disputationis
1548 832 1567 875 a

523 918 615 982 nobis
629 918 724 982 editoe
738 918 819 982 actis
833 940 896 981 non
910 917 1097 1002 reperiatur.
1131 915 1254 981 Eadem
1266 936 1391 1001 quoque
1401 914 1470 979 sola
1483 922 1566 991 acta,

523 1042 588 1084 non
602 1042 676 1084 vero
690 1019 769 1085 alios
781 1020 945 1105 quospiam
955 1019 1108 1084 Archelai
1121 1018 1218 1083 libros
1232 1019 1345 1083 laudat
1356 1015 1568 1082 Heraclianus

524 1121 788 1187 Chalcedonensis
797 1122 973 1207 episcopus,
984 1122 1060 1185 dum
1069 1121 1209 1185 omnium
1218 1120 1423 1205 antiquorum
1433 1120 1569 1183 Patrum

524 1225 644 1308 scripta
665 1230 901 1300 commemorat,
925 1223 1039 1308 quibus
1061 1223 1095 1287 in
1119 1244 1177 1286 suo
1197 1223 1349 1287 adversus
1372 1219 1569 1285 Mauichoeos

524 1347 619 1410 opere
642 1348 716 1389 usus
735 1326 848 1390 luerat.
894 1326 1106 1407 Quamobrem
1128 1325 1295 1389 dicendum
1317 1331 1376 1399 est,
1392 1324 1453 1388 hac
1474 1323 1509 1386 in
1534 1343 1569 1386 re

525 1449 650 1512 quoque
665 1428 794 1492 humani
810 1429 885 1512 quid
901 1449 1029 1512 passum
1045 1426 1140 1491 luisse
1152 1426 1376 1511 Epiphanium,
1388 1432 1423 1490 et
1433 1426 1568 1489 duorum

525 1526 675 1590 Archelai
694 1525 845 1591 librorum
863 1527 933 1590 loco
951 1525 1099 1590 habuisse
1117 1533 1192 1589 acta
1214 1524 1283 1611 ipsa
1301 1523 1528 1609 disputationis
1550 1543 1569 1586 a

525 1627 617 1692 nobis
631 1628 736 1703 editoe,
753 1650 824 1712 quae
844 1650 915 1692 cum
935 1650 986 1693 res
1001 1628 1131 1692 diversis
1150 1626 1347 1711 temporibus
1363 1633 1472 1711 gestas
1486 1646 1569 1689 com·

525 1731 715 1817 plectantur,
740 1731 826 1795 haud
850 1730 936 1795 inani
958 1732 1141 1817 conjectura
1163 1730 1266 1813 colligi
1290 1736 1408 1814 potest,
1431 1729 1464 1792 in
1490 1729 1570 1794 duas

526 1833 600 1897 olim
624 1841 731 1918 partes
751 1833 851 1898 divisa
869 1834 974 1906 fuisse,
990 1835 1024 1897 in
1043 1855 1177 1919 quarum
1199 1832 1298 1919 priori
1315 1831 1491 1917 disputatio
1507 1835 1570 1896 Ar-

525 1935 626 2001 chelai
648 1949 720 1999 cum
741 1935 872 2000 Manete
891 1938 976 2020 apud
993 1936 1120 2012 Carras,
1135 1935 1168 1999 in
1188 1935 1327 2000 secunda
1347 1955 1422 1999 vero
1442 1941 1568 2004 cuneta.

526 2059 597 2123 quae
624 2044 691 2101 tam
717 2036 877 2101 Diodorus
906 2037 1081 2122 presbyter,
1109 2059 1205 2122 quam
1235 2037 1320 2102 idem
1346 2036 1526 2102 Archelaus
1550 2058 1571 2101 a

526 2138 670 2203 Diodoro
695 2138 844 2211 monitus,
869 2147 983 2204 contra
1009 2138 1174 2204 Manetem
1196 2140 1228 2202 in
1254 2137 1440 2202 Diodoridis
1464 2146 1571 2202 castro

526 2241 602 2324 egit,
619 2240 865 2305 continerentur.

570 2342 592 2405 J
592 2364 645 2407 am
656 2365 730 2407 vero
741 2343 936 2407 Archelaum
948 2344 1126 2427 Κασχάρων,
1143 2344 1380 2408 Claactamram
1389 2342 1572 2430 episcopum

526 2444 622 2510 fuisse
642 2446 744 2511 tradit
763 2444 911 2511 Socrates
930 2447 982 2510 lib.
999 2447 1019 2509 i.
1042 2446 1197 2511 Historiae
1216 2445 1448 2510 Ecclesiasticae
1467 2445 1571 2532 capite

530 2568 580 2627 22,
600 2548 815 2634 Epiphaniam
834 2559 962 2614 secutus
980 2549 1013 2613 in
1033 2548 1284 2614 Manichaeorum
1300 2548 1426 2613 Hoeresi
1440 2569 1529 2612 num.
1542 2570 1570 2612 v.

527 2660 560 2716 et
576 2650 626 2715 vii.
642 2658 676 2716 et
694 2652 727 2715 in
747 2658 889 2717 tractatu
904 2653 944 2717 de
961 2652 1130 2728 Mensuris,
1146 2660 1179 2717 et
1199 2650 1397 2715 Ponderibus
1417 2671 1503 2714 num.
1518 2672 1571 2714 xx.

528 2756 578 2819 At
592 2762 705 2817 auctor
719 2754 781 2818 iste
795 2755 856 2818 sibi
871 2776 934 2818 non
949 2762 1088 2830 constat,
1098 2760 1211 2838 utpote
1226 2753 1280 2838 qui
1295 2753 1328 2816 in
1342 2753 1454 2817 eadem
1468 2753 1573 2818 Mani-

527 2856 687 2921 chaeorum
718 2857 845 2921 Hoeresi
871 2878 957 2920 num.
973 2856 1016 2920 xi.
1042 2856 1162 2933 urbem,
1189 2854 1278 2939 cujus
1308 2853 1473 2938 episcopus
1502 2865 1573 2919 erat

528 2958 712 3035 Archelaus,
737 2958 908 3042 Καρχάρην,
924 2959 1068 3023 nominat
1087 2958 1121 3023 in
1142 2956 1316 3021 Petaviana
1334 2955 1483 3033 editione,
1499 2956 1573 3021 licet

528 3060 561 3124 in
584 3061 648 3125 alia
669 3061 842 3126 Basileensi
869 3061 1008 3126 editione
1033 3060 1212 3144 Καλχάρων,
1236 3066 1384 3143 corrupte
1406 3058 1572 3124 habeatur.

530 3162 730 3228 Postremum
745 3163 826 3228 hanc
845 3163 1014 3229 lectionem
1029 3163 1219 3248 expressisse
1235 3162 1361 3227 videtur
1375 3161 1574 3247 Epiphanius

529 3287 570 3330 ex
583 3265 662 3330 actis
682 3266 759 3350 ipsis
774 3265 997 3351 disputationis
1014 3265 1164 3330 Archelai
1185 3264 1322 3350 episcopi
1337 3286 1409 3328 cum
1430 3262 1573 3341 Manete,

529 3368 716 3453 inquorum
738 3369 830 3434 initio
851 3369 976 3446 dicitur,
1008 3369 1176 3434 Thesaurus
1200 3388 1296 3441 ocrem,
1321 3368 1383 3431 stoc
1406 3367 1575 3452 uiperae

529 3470 634 3535 habito
647 3473 682 3536 ia
699 3473 838 3537 Uarakos·
851 3474 973 3537 civitate
988 3471 1235 3557 Mesopotamioe‚·
1260 3491 1392 3555 eamque
1407 3470 1575 3535 lectionem

529 3580 706 3656 sequuntur
721 3575 837 3640 Petrus
851 3574 973 3638 Siculus
988 3574 1021 3636 in
1032 3572 1282 3637 Manichaeorum
1293 3570 1428 3635 historia
1438 3592 1511 3656 pag.
1521 3591 1573 3657 37,

530 3683 564 3738 et
587 3675 723 3740 Photius
742 3677 779 3740 P.
792 3677 827 3742 Ο.
848 3677 882 3740 in
903 3698 999 3762 opere
1020 3676 1125 3741 adhuc
1147 3675 1267 3740 inedito
1290 3674 1442 3738 adversus
1464 3675 1574 3740 Mani-

531 3778 635 3842 chaeos
660 3801 718 3843 suo
743 3800 811 3843 aevo
837 3779 1073 3864 repullulantes,
1100 3779 1153 3842 lib.
1169 3777 1190 3841 i.
1215 3778 1267 3862 qui
1298 3777 1374 3840 dum
1401 3776 1574 3861 Epiphanii

530 3881 730 3946 narrationes
749 3882 782 3945 in
802 3882 962 3967 epitomen
981 3882 1139 3968 redigunt,
1158 3881 1349 3945 Archelaum
1367 3901 1430 3943 non
1451 3882 1575 3964 Κασχά·

530 4008 601 4063 pov,
618 3984 666 4047 vel
679 3985 866 4067 Καλχάρωνς
890 3984 945 4049 sed
958 3984 1125 4067 Καρχάρων
1140 3984 1321 4069 episcopum
1335 3987 1470 4057 vocant3
1491 3982 1575 4046 unde

532 4085 629 4150 etiam
651 4094 754 4172 patet,
775 4089 973 4153 emendanda
994 4109 1062 4153 esse
1086 4087 1150 4152 alia
1171 4086 1354 4172 Epiphanii,
1377 4092 1411 4150 et
1435 4083 1576 4149 Socratis

532 4187 614 4266 loca,
629 4190 662 4252 in
684 4189 797 4274 quibus
820 4191 977 4274 Κασχόρα,
999 4191 1046 4255 vol
1070 4191 1240 4273 Κασχάρων
1260 4209 1427 4273 perperam
1448 4187 1575 4272 legitur.

534 4291 637 4356 Porro
651 4293 762 4357 urbem
781 4294 940 4377 quandum
955 4294 1112 4360 Oarcham
1131 4293 1257 4358 nomine
1275 4291 1308 4355 in
1329 4289 1452 4355 Arabia
1468 4289 1576 4354 Felice

533 4393 629 4459 sitam
654 4394 759 4469 luisse,
788 4398 975 4481 Anonymus
1001 4396 1169 4461 Ravennae
1195 4391 1404 4478 Geographiae
1431 4390 1577 4477 Scriptor
