3900 5167
530 444 574 508 20
900 443 1206 508 ARCHELAUS.

526 623 560 680 et
576 618 788 679 Assamanum
800 617 926 696 (Assem.
942 614 963 677 l.
976 619 1039 697 c.);
1057 613 1109 678 ubi
1121 613 1259 697 jubetur,
1275 610 1427 674 utstatim
1442 607 1481 673 ab
1492 608 1570 674 otuu

526 716 676 793 catholici,
699 717 840 780 mittatur
858 716 903 780 ad
920 717 1089 801 episcopam
1106 714 1247 789 Occator,
1263 713 1290 776 si
1313 714 1346 776 ia
1368 712 1447 776 aicta
1467 722 1519 789 aet,
1538 722 1570 776 ut

519 814 1570 903 potopriuapuuprimauiumaapramlcmpatiiarctalisprcuiaaa,

524 921 578 1005 qui
594 920 746 983 ducturam
765 919 956 1005 patriarcha
974 927 1060 994 tanat,
1077 929 1226 1003 castosque
1242 918 1328 982 illius
1343 918 1423 981 aedae
1445 926 1487 981 ou
1501 926 1570 1002 past

524 1024 587 1107 aaa
601 1021 721 1086 abitum.
766 1023 857 1103 Quod
880 1022 1028 1085 nimimm
1048 1021 1273 1105 accipiendum,
1290 1042 1329 1083 ax
1349 1042 1411 1103 quo
1431 1019 1571 1084 Oaschar

524 1127 583 1188 snb
608 1126 728 1209 Sapore
749 1147 824 1209 rege
849 1124 881 1187 in
909 1126 1079 1187 Persarum
1106 1130 1299 1208 patestatem
1323 1121 1417 1185 venit.
1462 1121 1569 1185 Probo

524 1228 606 1291 enim
622 1227 798 1311 imperante
813 1227 966 1290 Romanae
981 1225 1110 1289 ditionis
1125 1233 1206 1302 erat,
1222 1247 1284 1308 qno
1299 1233 1441 1308 tempore
1454 1223 1569 1287 Manes

523 1352 541 1393 e
557 1329 697 1392 Persidis
711 1328 826 1391 finibus
841 1328 971 1413 fugiens,
989 1328 1021 1391 in
1038 1328 1272 1392 Cascharorum
1286 1349 1369 1411 pago
1384 1348 1477 1410 quem
1493 1326 1569 1389 Dio·

523 1430 665 1494 doridem
680 1428 884 1514 appellabant
894 1428 1030 1510 (Areua.
1044 1431 1118 1492 Act.
1131 1450 1200 1514 cap.
1214 1428 1349 1510 xxxin),
1365 1449 1567 1512 congressum

521 1532 607 1596 illum
624 1533 664 1595 de
685 1531 835 1617 religiono
854 1531 967 1595 habuit
983 1553 1054 1595 cnm
1076 1531 1245 1595 Archelao.
1292 1530 1374 1594 Haec
1393 1529 1491 1593 ferme
1507 1529 1566 1593 Le·

521 1632 674 1717 quienius.

564 1735 666 1798 Porro
681 1735 825 1798 eamdem
840 1735 1031 1798 sententiam
1047 1736 1087 1797 de
1102 1735 1309 1800 Oascharensi
1326 1734 1476 1798 Archelai
1493 1734 1566 1798 seda

521 1837 664 1923 pluribus
689 1858 791 1921 nuper
816 1837 1033 1921 comprobavit
1061 1839 1097 1900 V.
1119 1837 1153 1901 (1.
1182 1838 1381 1921 Augustinus
1404 1836 1568 1901 Antonius

521 1939 679 2023 Georgius
695 1937 845 2003 Eremita
864 1939 1116 2023 Augustinianus
1136 1941 1168 2001 in
1185 1939 1350 2023 praestanti
1371 1960 1467 2025 opere
1482 1938 1565 2023 quad

518 2040 721 2126 Alpltalctum
741 2040 916 2104 Tibetauum
931 2042 1110 2126 inscripsit3
1125 2042 1178 2105 ubi
1194 2042 1300 2119 etiam,
1314 2043 1397 2125 quod
1413 2042 1458 2105 rai
1470 2049 1566 2126 caput

519 2152 579 2219 est,
592 2146 749 2208 Actorum
762 2144 901 2229 ejusdem
914 2144 1063 2207 Archelai
1075 2144 1290 2208 sinceritatem
1301 2145 1451 2207 adversus
1463 2142 1565 2207 Beuu-

520 2246 660 2310 sobrium
682 2246 857 2309 luculenter
879 2246 983 2323 evicit,
1003 2268 1093 2308 snam
1115 2246 1165 2309 his
1191 2246 1294 2309 verbis
1316 2246 1565 2327 disputationem

518 2348 707 2414 concludens
735 2349 856 2431 (Gecrp.
885 2347 1024 2431 Alphab.
1057 2347 1160 2410 Tibat.
1189 2370 1259 2432 pag.
1275 2350 1350 2433 363.
1372 2347 1447 2410 edit.
1473 2347 1565 2410 Rom.

521 2454 613 2531 1762.
629 2455 696 2531 4.):
724 2450 886 2513 Tcueacuaa
902 2451 1049 2512 Cascnan
1064 2450 1097 2512 iu
1112 2451 1332 2534 Mesopotamia
1346 2448 1517 2532 Kathaja:
1538 2458 1565 2512 at

516 2572 578 2614 occa
597 2551 758 2627 clnculum,
774 2552 847 2613 dura
867 2551 950 2613 data
963 2551 1043 2632 fidei
1061 2572 1172 2614 memor
1188 2574 1244 2614 casa
1261 2552 1332 2615 aalit
1350 2550 1564 2628 Baauaolrius,

516 2676 572 2737 quaa
587 2664 668 2716 arcte
682 2654 898 2737 cauatiiupitar
911 2653 956 2715 ad
968 2657 1051 2716 Acta
1070 2654 1168 2716 soracti
1182 2654 1311 2738 episcopi
1328 2654 1474 2717 Archelai
1488 2664 1566 2718 tam-

516 2778 607 2840 quam
629 2756 762 2839 pretiasa
791 2755 975 2818 Christiana
1003 2756 1198 2839 antiquitatis
1222 2767 1409 2819 marmuauta
1435 2757 1566 2841 amploc-

516 2858 629 2929 uuam
654 2880 721 2941 qua
743 2869 840 2921 tamea
858 2858 968 2941 paullo
990 2868 1060 2921 auto
1081 2857 1242 2951 lacerabat.
1290 2858 1445 2921 Nimirum
1466 2860 1508 2921 ad
1526 2881 1567 2923 ea

516 2960 644 3041 respicit
656 2970 777 3037 auctor,
791 2983 860 3044 quae
876 2960 974 3023 habet
988 2960 1198 3023 Beausobrius
1213 2960 1245 3022 in
1261 2961 1327 3023 haec
1342 2961 1437 3023 verba
1447 2962 1564 3043 (Boau-

514 3060 590 3124 aolr.
615 3061 703 3124 Hist.
725 3062 765 3125 de
789 3062 930 3125 Munich.
952 3071 985 3125 et
1008 3063 1051 3125 du
1074 3063 1216 3125 Munich.
1238 3069 1315 3126 tom.
1332 3063 1351 3125 i.
1376 3086 1468 3148 pagg.
1490 3084 1562 3147 191,

518 3167 623 3245 192.):
649 3172 666 3200 “
680 3164 746 3227 J’ai
769 3164 840 3228 bien
858 3167 1053 3249 proavique
1073 3164 1104 3227 la
1120 3164 1246 3248 disputa
1264 3163 1315 3228 n'a
1335 3165 1426 3250 point
1446 3168 1499 3228 e'ti
1521 3188 1562 3229 en

517 3274 538 3303 ‘⁴
556 3265 802 3351 Mesopotamia
847 3267 934 3331 Mais
958 3268 985 3330 si
1011 3290 1091 3330 nous
1116 3268 1147 3331 la
1171 3268 1301 3354 placans
1326 3269 1405 3331 dans
1430 3268 1459 3331 le
1482 3268 1563 3331 Tur-

516 3374 534 3404 “
551 3377 695 3450 questam
720 3369 777 3432 elle
800 3392 916 3453 pourra
941 3392 975 3432 sc
999 3370 1150 3434 soutenir.
1198 3371 1285 3434 C'est
1308 3371 1338 3432 lh
1364 3392 1424 3453 qne
1450 3370 1563 3434 l'he're·

514 3477 535 3505 ‘⁴
552 3468 678 3553 siarque
705 3493 738 3534 se
765 3473 872 3546 retice,
900 3472 986 3534 selon
1010 3472 1055 3535 les
1081 3472 1277 3549 Orientaux3
1316 3473 1391 3556 qu'il
1415 3495 1475 3557 ya
1498 3497 1562 3537 une

516 3578 534 3607 “
552 3572 672 3634 Cascar
700 3573 752 3655 qui
779 3575 859 3637 n'est
887 3574 979 3658 point
1005 3574 1141 3637 sonmise
1168 3597 1231 3637 aux
1259 3576 1383 3650 Perses,
1407 3583 1440 3638 et
1464 3577 1506 3639 cir
1537 3577 1560 3639 il

515 3681 536 3710 ‘⁶
553 3696 670 3757 pourra
685 3674 807 3758 plaidcr
821 3698 857 3738 sa
872 3698 965 3738 cause
981 3698 1019 3737 en
1035 3683 1124 3740 toute
1140 3680 1257 3740 aurete.
1302 3676 1388 3740 C'est
1405 3677 1435 3739 la
1451 3679 1525 3761 qn'il
1540 3702 1561 3763 y

516 3783 536 3812 ‘⁸
551 3798 571 3838 a
591 3777 646 3838 des
667 3776 846 3853 Chriticns,
864 3777 920 3839 des
943 3778 1088 3860 iniquos,
1113 3780 1166 3863 qui
1187 3801 1226 3842 ne
1249 3787 1385 3864 peuvent
1405 3801 1560 3864 manqner

514 3887 535 3915 ‘⁴
552 3878 591 3940 da
608 3878 734 3940 s'e'lever
748 3887 858 3941 contre
870 3901 911 3941 nn
929 3878 1100 3964 hirtaque,
1112 3882 1163 3965 qui
1180 3881 1302 3945 detruit
1312 3882 1358 3945 les
1373 3883 1559 3968 principans

514 3985 533 4015 “
549 3978 676 4041 articles
692 3979 731 4040 da
748 3978 778 4040 la
792 3979 835 4041 lai
851 3980 1045 4043 Chre'tienne
1051 4030 1128 4044 ......
1147 3982 1170 4044 J
1172 4005 1189 4046 e
1204 3985 1257 4064 n'y
1272 3983 1359 4046 avois
1379 4005 1436 4068 pas
1451 3989 1558 4067 pense.

514 4088 534 4119 “
554 4079 582 4142 ll
597 4080 667 4143 lant
682 4081 818 4143 re‘tablir
833 4090 917 4145 cette
933 4082 1068 4166 disputa,
1085 4106 1145 4167 que
1159 4084 1214 4167 j'ai
1230 4092 1303 4148 tant
1323 4091 1483 4170 attaqute.
1533 4087 1560 4149 ll

513 4189 532 4217 “
548 4183 598 4264 n'y
614 4204 632 4242 a
648 4184 721 4264 qu'a
735 4182 766 4245 la
782 4183 854 4245 bien
875 4183 980 4266 placer
993 4233 1071 4246 ......
1093 4186 1246 4248 Donnons
1261 4208 1302 4248 au
1318 4186 1437 4250 lectaur
1447 4187 1560 4251 l’e'difi-

512 4288 533 4318 “
550 4282 656 4345 aetion
677 4283 716 4345 da
745 4283 821 4358 vair,
838 4285 950 4368 qn'une
971 4285 1102 4350 histoire
1122 4287 1147 4350 si
1167 4289 1318 4351 ancienne
1339 4298 1388 4352 est
1407 4291 1560 4356 ve‘ritablc

510 4388 531 4419 “
547 4384 627 4446 dans
643 4384 671 4446 le
686 4385 792 4447 lond.”
836 4386 985 4451 Getarum
1002 4411 1039 4451 aa
1056 4388 1124 4471 ipso
1142 4412 1226 4453 anno
1242 4412 1304 4475 qno
1320 4391 1426 4476 prodit
1440 4393 1561 4479 Alpha-
