3900 5167
616 478 649 540 S.
674 472 959 539 SCRIPTURAE
986 470 1342 536 ANTE-NICAENA.
1430 471 1495 538 349

615 695 792 768 Aucron
819 695 1047 767 Consonus
1074 713 1131 764 nn
1159 692 1336 764 Passus.

499 869 601 882 -
618 829 811 898 secundum
838 826 942 897 Pauli
969 826 1011 895 B.
1035 824 1184 919 apostoli
1210 847 1418 898 sermonem,
1436 824 1496 914 qui

450 946 585 1037 Spiritu
617 944 686 1013 Dei
722 943 869 1013 edoctus
902 941 1027 1012 retulit
1060 964 1120 1012 eos
1154 936 1354 1031 implevisse
1388 959 1498 1006 annos

450 1059 619 1131 CCCCL.
671 1057 765 1144 (Act.
786 1056 908 1151 Apost.
933 1058 1008 1127 xiii.
1026 1062 1113 1146 20.).
1165 1054 1225 1125 Ad
1252 1053 1385 1125 calcem
1409 1050 1497 1146 Opp.

449 1174 489 1247 S.
510 1172 694 1270 Cypriani,
713 1173 798 1243 edit.
820 1171 910 1242 Felli
928 1195 961 1264 p.
977 1170 1036 1249 67.

818 1404 855 1473 S.
881 1404 1135 1475 cremanus.

503 1535 600 1605 Nam
630 1558 695 1605 nos
728 1558 822 1604 nunc
850 1534 895 1603 de
926 1534 1054 1603 divinis
1083 1532 1241 1604 fontibus
1273 1529 1498 1625 implevimus

452 1652 642 1732 modicum,
657 1651 751 1742 quod
770 1651 836 1721 tibi
853 1651 996 1720 interim
1013 1650 1257 1732 mitteremus3
1275 1649 1396 1720 bibere
1414 1649 1499 1719 ube-

451 1768 523 1836 rius
550 1775 588 1837 et
616 1766 763 1836 saturari
793 1766 967 1857 copiosius
996 1765 1137 1856 poteris,
1163 1765 1192 1833 si
1218 1773 1259 1833 tu
1287 1787 1427 1856 quoque
1454 1764 1499 1833 ad

452 1881 596 1952 eosdem
614 1882 753 1951 Dirinae
776 1880 1006 1974 plenitudinis
1029 1878 1145 1948 fontes
1165 1879 1348 1950 nobiscum
1369 1881 1501 1971 pariter

452 2004 637 2088 potaturus
663 1997 859 2067 accesseris.
889 1994 1178 2065 Testimoniorum
1195 1994 1255 2065 lib.
1267 1999 1301 2064 3.
1318 1995 1390 2066 sive
1409 1993 1501 2063 Prae·

453 2109 603 2191 sationis,
620 2133 655 2202 p.
670 2113 754 2187 274.
773 2111 828 2180 ed.
847 2109 995 2190 Baluzii‚
1013 2132 1076 2180 seu
1094 2108 1318 2179 Benedictin.

504 2223 548 2294 In
578 2224 791 2318 Apocalypsi
822 2226 1006 2317 Scriptura
1035 2225 1154 2295 divina
1183 2224 1347 2295 declarat.
1387 2222 1499 2315 Epist.

455 2339 599 2411 LXIII.
618 2364 651 2433 p.
668 2346 752 2411 108.

505 2455 598 2527 Item
627 2456 753 2528 beatus
779 2456 958 2548 apostolus
982 2454 1115 2526 Paulus
1136 2453 1331 2524 Dominicae
1356 2454 1502 2545 inspira·

455 2571 562 2641 tionis
585 2572 700 2665 gratia
724 2571 858 2663 plenus,
886 2571 958 2661 Qui
982 2570 1213 2654 administrat,
1239 2570 1365 2661 inquit,
1390 2591 1502 2639 semea

455 2686 696 2767 seminaritia
706 2710 832 2781 pacem
846 2686 895 2757 cd
909 2685 1074 2757 edendam
1086 2684 1277 2781 meludit,
1288 2682 1354 2754 dcc.
1369 2684 1407 2764 (2
1420 2680 1502 2756 Cor.

455 2802 594 2894 ix.10.)
619 2800 677 2872 De
695 2802 806 2895 Opere
822 2811 854 2874 et
869 2801 1118 2898 Blemmyas,
1136 2824 1211 2893 cap.
1223 2798 1257 2871 6.
1275 2824 1308 2892 p.
1321 2803 1405 2869 240.

507 2915 658 2985 Necnon
682 2925 720 2986 et
746 2915 835 2986 illud
858 2916 1056 2999 consilium,
1076 2917 1184 2986 frater
1206 2915 1394 2999 carissime,
1413 2912 1503 2983 utile

457 3038 495 3100 et
521 3030 660 3101 salubre
685 3033 849 3123 prospexi
875 3034 911 3102 in
938 3016 1185 3103 exhortatione
1211 3039 1285 3101 tam
1309 3029 1504 3100 necessaria

458 3169 538 3238 quae
577 3155 748 3238 martyres
783 3146 899 3228 faciat,
934 3147 1168 3239 amputandas
1206 3168 1282 3217 esse
1316 3144 1503 3215 verborum

457 3274 656 3332 nostrorum
684 3283 800 3331 moras
822 3271 861 3332 et
890 3263 1084 3343 tarditates,
1112 3274 1219 3353 atque
1246 3260 1411 3353 ambages
1434 3282 1505 3330 ser·

458 3378 572 3448 monis
597 3378 743 3446 humani
769 3375 1035 3458 subtrahendas,
1052 3375 1215 3467 ponenda
1240 3374 1314 3446 sola
1339 3375 1408 3457 illa,
1427 3399 1505 3468 quae

459 3491 558 3562 Deus
591 3490 759 3582 loquitur,
793 3490 921 3582 quibus
954 3511 1073 3559 servos
1106 3511 1187 3558 suos
1220 3489 1265 3558 ad
1299 3490 1505 3579 martyrium

459 3605 620 3676 Christus
636 3605 808 3675 hortatur.
854 3604 1039 3695 Praecepta
1055 3604 1131 3694 ipsa
1148 3600 1278 3672 Divina
1295 3602 1393 3673 velut
1410 3626 1507 3674 arma

458 3721 698 3815 pugnantibus
715 3721 933 3813 suggerenda
950 3728 1043 3789 sunt.
1069 3716 1126 3789 Dc
1139 3715 1393 3789 Exhortatiooe
1403 3717 1508 3790 Mar-

460 3839 556 3934 tyr-it
574 3861 608 3929 p.
623 3835 708 3906 262.
1376 3848 1378 3853 ’

512 3953 618 4024 Unde
635 3961 690 4022 est
706 3952 774 4021 ista
792 3948 959 4020 traditio?
1000 3948 1179 4019 Utrumne
1202 3948 1246 4017 de
1264 3945 1454 4017 Dominica
1470 3960 1508 4017 et

461 4068 665 4163 evangelica
694 4069 906 4137 auctoritate
931 4064 1159 4148 descendens,
1189 4085 1233 4131 an
1262 4063 1306 4132 de
1333 4062 1509 4153 apostolo-

460 4207 541 4253 rum
575 4183 750 4252 mandatis
783 4193 891 4272 atque
925 4178 1082 4271 epistolis
1113 4176 1280 4246 veniens?
1331 4173 1384 4245 Ea
1413 4176 1507 4244 enim

462 4298 623 4368 facienda
652 4319 727 4367 esse
761 4320 840 4387 quoe
874 4295 1003 4386 scripta
1036 4301 1129 4372 sunt,
1158 4290 1257 4362 Deus
1291 4298 1442 4360 testatur
1471 4301 1509 4358 et

462 4422 654 4505 praemonet
679 4414 722 4482 ad
739 4409 864 4481 Iesum
885 4410 989 4481 Nave
1015 4410 1145 4490 dicens,
1163 4406 1243 4478 Non
1270 4404 1400 4477 recedet
1424 4401 1509 4475 liber
