3900 5167
440 446 508 515 280
578 464 583 471 ·
635 445 701 514 DE
725 439 1291 518 uuunrrlsrrmum

441 636 549 717 opem
578 622 752 694 editoex
781 617 1479 715 codicisVetioruiddchritl'biim-

440 731 1480 832 pmiebbeusetoxeoflusimirurOudintqnihrrego

343 845 363 878 ⁵
439 853 636 926 rationibus
657 873 732 922 non
753 850 1025 924 contemnendis
1049 850 1191 935 ductus,
1212 871 1400 926 nuum
1423 850 1482 924 tri·

439 969 551 1044 buere
572 992 645 1043 nou
666 990 818 1063 puerum,
835 967 987 1062 ideoque
1005 966 1094 1042 uiibi
1106 989 1286 1064 unouymo
1299 989 1393 1064 opus
1405 968 1488 1042 rut

440 1089 513 1182 qui.
564 1085 620 1159 Ut
644 1084 761 1158 sorren
788 1105 860 1156 non
884 1094 960 1157 tum
989 1083 1036 1158 ub
1062 1081 1482 1182 ignomftmmuodsuit

440 1202 632 1277 Ousimirm
656 1199 794 1295 Oudin)
818 1200 1019 1295 proiectum
1044 1202 1104 1286 sit,
1126 1199 1481 1295 quoddoourrimm

440 1312 1482 1409 sememoxourendommmroemodffl

356 1485 360 1492 -
440 1429 823 1528 suoprri'uniorboo
843 1450 933 1523 opus
953 1425 1356 1530 ononymurnrdirmim
1378 1434 1480 1524 qun
1535 1524 1542 1540 Ο

439 1548 535 1641 quod
551 1554 714 1619 sutorem
728 1542 905 1640 cyprirno
929 1554 1036 1618 etone
1055 1543 1165 1618 fuisso
1187 1564 1382 1639 suppum
1402 1563 1479 1617 oum

439 1660 485 1735 ci
511 1660 680 1757 Rigultio,
708 1659 857 1755 aliisque
890 1658 1052 1733 eredidit
1099 1659 1211 1733 Certe
1239 1660 1391 1733 unicum
1421 1681 1480 1754 pro

330 1784 341 1809 ²
441 1773 573 1849 Ursino
608 1786 862 1873 argumentum
894 1784 951 1848 est
982 1775 1114 1848 codicis
1146 1772 1316 1848 Vutiueni
1348 1772 1480 1858 tituim,

439 1913 547 1985 quom
572 1892 741 1964 tractatui
764 1912 940 1986 anonymo
963 1892 1086 1976 cnivis,
1106 1890 1171 1985 qui
1185 1889 1417 1965 emmeram
1433 1888 1481 1961 le·

438 2017 550 2104 germ,
562 2006 716 2106 tdjicere
731 2008 768 2078 in
784 2015 953 2101 promptu
968 2015 1056 2079 eret.
1106 2003 1168 2079 Sic
1182 2003 1338 2079 Currus.

490 2120 674 2195 INtribus
682 2131 805 2196 eutem
816 2122 1009 2207 codicibus,
1018 2120 1193 2195 referente
1203 2117 1479 2217 sepulum

338 2235 342 2240 ’
441 2236 572 2311 Ursino
599 2236 741 2311 libellus
765 2237 960 2311 attributus
990 2247 1056 2309 ost.
1106 2236 1217 2310 Porro
1244 2248 1382 2333 postu,
1408 2259 1480 2331 qum
1519 2299 1528 2320 .

439 2362 646 2446 sequuntur,
671 2351 768 2425 idem
796 2352 935 2425 addidit
958 2350 1163 2426 Oudinus
1150 2375 1191 2426 ιιι
1215 2350 1405 2429 Coum
1417 2349 1481 2425 Dr

437 2465 1481 2564 Soiprodbosscdesiorvol.1.pzruod.“tiiwm-

440 2584 631 2656 “‘mentu
619 2605 657 2655 ιιι
676 2584 828 2678 pretium
845 2581 967 2656 Ursini
987 2581 1152 2668 militaro,
1179 2583 1480 2657 Immemorem

438 2708 461 2739 ‘⁸
477 2697 665 2771 Gennadii.
693 2706 727 2771 2.
747 2698 984 2792 Menuscripti
1000 2698 1130 2771 codicis
1142 2698 1321 2773 Votiooni.
1347 2698 1480 2772 tvai-

440 2813 660 2887 “dissimum
682 2839 727 2887 ex
751 2814 906 2886 lectione
922 2814 1002 2886 libri
1020 2794 1248 2907 postulatum.
1299 2814 1397 2886 Num
1413 2837 1479 2887 non

440 2941 460 2969 ‘⁴
478 2930 543 2999 nisi
566 2933 611 3002 ad
629 2931 815 3002 authorem
833 2938 1005 3023 spectare,
1022 2932 1084 3023 qui
1101 2931 1261 3023 piurimis
1277 2932 1388 3002 etium
1406 2940 1480 3025 post

439 3056 459 3085 “
477 3056 611 3115 motam
646 3048 691 3117 de
726 3048 901 3137 baptismo
929 3046 1186 3117 Haereticorum
1218 3049 1479 3119 contentionem

440 3162 694 3253 “temporibus
729 3162 868 3232 vixerit.
921 3161 977 3232 De
1010 3163 1313 3254 persecutionibus
1347 3164 1383 3232 in
1418 3162 1478 3232 hoo

440 3285 459 3315 “
476 3275 566 3345 libro
587 3276 686 3347 velut
710 3277 826 3347 adhuc
848 3277 1119 3370 perdurantibus
1145 3300 1190 3347 ne
1215 3276 1280 3372 γρῦ
1305 3278 1479 3371 quidem.'’

439 3389 528 3460 Haec
545 3390 616 3460 ille.

506 3633 726 3704 Srnrrmrrus
752 3633 942 3705 Bmuzrus
959 3636 995 3703 in
1013 3631 1116 3706 Notis
1133 3635 1181 3705 od
1197 3633 1417 3731 Cypriorum

771 3782 805 3851 p.
821 3757 905 3836 607.
922 3759 998 3829 hoec
1014 3760 1144 3851 posuit.

489 3894 597 3966 Hunc
622 3906 813 3968 tractatum
838 3898 972 3990 primus
994 3900 1030 3968 in
1056 3897 1173 3969 lucem
1199 3900 1348 3991 protulit
1376 3901 1481 3973 Nico-

437 4007 513 4080 lous
535 4011 711 4105 Rigaltius
737 4036 782 4082 ex
809 4014 1010 4108 apographo
1033 4014 1221 4085 Sirmondi.
1275 4014 1480 4088 Sirmondus

436 4134 556 4196 autem
593 4125 824 4220 descripserat
858 4152 903 4198 ex
934 4131 1047 4199 veteri
1077 4129 1198 4200 codice
1234 4128 1316 4201 MS.
1346 4154 1480 4204 mones·

436 4241 515 4308 terii
534 4244 644 4312 suncti
663 4242 818 4338 Remigii
836 4244 1033 4328 Remensis,
1051 4246 1112 4315 ubi
1133 4245 1269 4338 positus
1290 4259 1346 4319 est
1362 4272 1479 4319 conse-

436 4365 586 4445 quenter
603 4366 681 4449 post
698 4351 883 4451 epistolam
898 4359 1062 4453 Cypriani
1081 4361 1123 4431 od
1139 4361 1363 4455 Pompeium.
1404 4363 1478 4435 Nos
