3900 5167
830 444 1141 511 DlsPUTATIO.
1445 445 1509 515 169

457 621 603 703 bonnm,
620 622 694 691 vim
710 622 808 693 verbi
830 623 932 693 istius
959 623 1102 714 penitus
1120 622 1319 715 uignorans.
1372 620 1509 692 Manus

456 755 576 819 mm,
595 734 769 828 Nunquid
793 746 831 808 te
855 738 1067 809 advocatum
1090 758 1251 807 meorum
1275 735 1420 806 adhibui
1437 759 1508 807 ser·

456 871 616 933 monum,
633 860 699 921 ¹ut
715 854 823 923 etiam
850 874 942 924 meae
967 853 1124 922 seientioe
1148 850 1421 945 intelligentiam
1438 852 1508 922 dis-

455 966 592 1056 ponas?
622 968 754 1060 quippe
787 969 846 1060 qui
882 968 1023 1061 propria
1056 967 1247 1059 explanare
1280 989 1349 1037 non
1380 965 1505 1065 valeas,

454 1081 635 1170 quomodo
657 1080 773 1154 aliena
795 1084 927 1176 poteris
950 1081 1152 1175 explicare?
1194 1081 1300 1165 Quod
1324 1084 1352 1151 si
1372 1083 1505 1153 victum

446 1197 526 1287 jam
552 1219 591 1267 se
615 1198 804 1290 profitetur
819 1197 1007 1281 Diodorus,
1025 1207 1111 1268 tune
1137 1196 1224 1266 mihi
1245 1206 1366 1267 teeum
1392 1220 1507 1268 sermo

450 1310 667 1381 movebitur.
718 1312 757 1381 Si
785 1321 906 1383 autem
938 1321 1010 1383 stat
1038 1311 1111 1397 ille,
1137 1320 1256 1383 otest
1286 1311 1434 1381 idoneus
1461 1312 1505 1381 ad

451 1426 657 1507 dioendum‚
674 1427 796 1498 desine
813 1436 864 1509 tu,
882 1436 921 1497 et
941 1428 1014 1498 noli
1040 1427 1246 1519 perturbare
1271 1425 1506 1496 substantiam

450 1543 627 1613 veiitutis.
653 1542 706 1613 Es
722 1544 816 1612 enim
836 1544 912 1614 ovis
928 1541 1055 1625 aliena,
1069 1542 1229 1612 efficieris
1246 1550 1364 1611 tamen
1383 1551 1506 1633 postea

449 1658 490 1728 in
509 1679 659 1727 numero
681 1657 837 1749 eJusdem
856 1659 983 1751 gregis,
1000 1658 1114 1727 ’sieut
1130 1678 1199 1725 vox
1216 1656 1322 1726 Jesus
1339 1658 1506 1741 ostendit,

450 1773 609 1865 ejusqui
631 1775 793 1866 apparuit
814 1773 958 1865 quidem
984 1773 1022 1842 in
1048 1771 1200 1842 bominis
1224 1773 1351 1864 speeie
1369 1795 1435 1844 neo
1453 1784 1506 1844 ta·

448 1906 537 1955 men
556 1884 625 1953 fnit
641 1884 759 1956 homo.
810 1884 1040 1956 Ancnmaus
1057 1904 1172 1966 mxm,
1191 1883 1286 1977 Ergo
1307 1906 1378 1955 non
1401 1894 1505 1976 putas

449 2020 540 2070 enm
557 2020 603 2069 ex
621 1998 740 2070 Maria
752 1998 903 2093 Virgine
919 2000 1020 2072 essai
1048 1985 1186 2070 Manes
1204 2018 1323 2081 mm,
1337 1998 1445 2071 Absit
1463 2011 1504 2070 ut

450 2112 651 2183 Dominum
681 2122 839 2183 nostrum
870 2115 996 2187 Jesum
1027 2113 1207 2185 Christum
1238 2136 1303 2206 per
1330 2113 1505 2185 naturalia

449 2228 621 2321 pudenda
648 2227 806 2299 mulieris
832 2230 1055 2302 descendisse
1072 2230 1285 2314 2eontitear3
1310 2232 1385 2323 ipse
1407 2233 1501 2301 enim

450 2343 699 2414 testimonium
727 2344 798 2426 dat
818 2347 918 2437 'quia
942 2346 987 2415 de
1013 2346 1146 2416 sinibus
1168 2345 1285 2415 Patris
1310 2346 1502 2415 deseendit.

451 2456 515 2539 Et,
550 2456 645 2545 'Qui
679 2480 733 2528 me
760 2459 898 2552 ,recipit
932 2459 1057 2553 recipit
1095 2482 1182 2541 eum,
1218 2458 1279 2551 qui
1312 2480 1365 2528 me
1397 2459 1502 2529 misit.

451 2568 514 2653 Et,
531 2568 632 2641 ’Noa
653 2571 731 2642 veni
743 2570 869 2667 faeere
893 2570 1097 2643 miantotem
1124 2594 1243 2655 mom,
1261 2570 1322 2641 sed
1345 2570 1416 2664 ejus
1441 2572 1505 2665 qai

450 2685 551 2756 misit
566 2708 628 2755 me.
681 2686 739 2769 Et,
756 2685 856 2758 4Νοιι
872 2711 948 2758 eum
966 2688 1091 2758 missus
1107 2687 1179 2757 aiei
1195 2686 1243 2757 od
1258 2710 1333 2757 oues
1345 2686 1502 2780 perditus

450 2798 575 2870 ιίοηιιιι
603 2797 729 2871 Israil.
786 2801 880 2872 Sunt
910 2815 948 2872 et
977 2802 1048 2872 alia
1080 2802 1265 2872 innumera
1298 2801 1502 2870 testimonia

450 2914 707 3007 hujusoemodi,
725 2939 804 3008 quae
829 2917 988 2988 indicant
1010 2940 1092 2988 eum
1116 2916 1262 2998 venisse,
1280 2924 1318 2984 et
1343 2938 1413 2983 non
1440 2938 1499 2984 na·

450 3040 531 3100 tum
548 3052 635 3100 esse.
685 3030 791 3115 Quod
816 3032 844 3102 si
871 3032 1054 3124 potentior
1077 3029 1139 3100 illo
1161 3052 1209 3112 es,
1227 3039 1265 3100 et
1282 3028 1394 3121 magis
1410 3030 1500 3099 seire

450 3154 563 3237 potes,
581 3145 674 3237 quod
693 3168 813 3215 verum
840 3154 904 3227 est,
922 3146 1100 3237 quomodo
1118 3146 1194 3236 jam
1221 3144 1273 3214 illi
1299 3143 1498 3213 credimus?

449 3260 680 3332 secamus
696 3280 810 3342 olm,
828 3261 958 3351 Neque
983 3260 1045 3330 illo
1070 3259 1251 3352 potentior
1271 3281 1360 3338 sum,
1378 3280 1499 3327 servus

450 3375 547 3444 enim
572 3396 662 3459 snm,
679 3383 717 3445 et
741 3396 858 3466 neque
882 3373 1025 3467 aequaiis
1048 3374 1194 3444 Domini
1220 3374 1291 3443 mei
1317 3395 1394 3442 esse
1419 3396 1499 3464 pos·

490 3626 508 3658 ¹¹
522 3616 558 3673 ln
571 3616 729 3683 Cannensi,
743 3620 862 3694 iqaom

491 3724 507 3755 ¹
521 3714 556 3770 ln
570 3714 668 3771 oodice
682 3714 830 3772 Cusinensi
844 3724 898 3779 est,
913 3715 1064 3781 autetiam,
1078 3713 1164 3771 lectio
1177 3711 1369 3788 improbanda

489 3821 506 3867 t
521 3809 693 3875 casinensis,
707 3812 778 3866 siout
792 3830 839 3867 voa
846 3810 938 3868 Ima.
956 3810 1048 3883 (Sicut
1061 3828 1113 3867 voa
1123 3809 1206 3867 Jeaua
1220 3809 1343 3866 ostendit.
1369 3808 1416 3863 Au
1430 3807 1496 3881 quia

447 3914 573 3962 mator
586 3909 648 3962 vox'
657 3906 733 3964 valet
742 3905 767 3976 i)

489 4012 504 4043 ²
517 4004 552 4060 Iu
569 4002 667 4059 codice
682 4002 830 4060 (lesinensi
849 4010 903 4067 est.
919 4004 1072 4077 confitetur,
1094 4002 1199 4058 librarii
1222 4020 1326 4065 errore,
1348 4008 1380 4057 ut
1401 4000 1495 4074 palam

450 4106 501 4153 est.

493 4249 596 4306 'Joan
612 4250 631 4306 i.
651 4251 697 4307 18.
719 4261 748 4308 et
762 4252 800 4308 iii.
821 4269 864 4323 ¹3·
1024 4257 1032 4279 ¹
1047 4251 1122 4307 Mat.
1137 4271 1165 4307 x.
1181 4269 1231 4321 40.
1387 4246 1492 4303 sJoan.

454 4345 490 4401 vi.
505 4345 552 4415 38.
634 4346 730 4403 ‘Mat
746 4366 792 4403 xv.
811 4365 857 4417 24.

498 4457 562 4500 von.
575 4460 602 4501 v.
993 4459 1011 4499 z
