<?xml version="1.0" encoding="UTF-8"?>
<!DOCTYPE html PUBLIC "-//W3C//DTD XHTML 1.0 Transitional//EN"
    "http://www.w3.org/TR/xhtml1/DTD/xhtml1-transitional.dtd">
<html xmlns="http://www.w3.org/1999/xhtml" xml:lang="en" lang="en">
 <head>
  <title>
</title>
<meta http-equiv="Content-Type" content="text/html;charset=utf-8" />
  <meta name='ocr-system' content='tesseract 3.04.00' />
  <meta name='ocr-capabilities' content='ocr_page ocr_carea ocr_par ocr_line ocrx_word'/>
</head>
<body>
  <div class='ocr_page' id='page_1' title='image "./reliquiaesacrae05routgoog_0051.png"; bbox 0 0 3900 5167; ppageno 0'>
   <div class='ocr_carea' id='block_1_1' title="bbox 818 253 1496 323">
    <p class='ocr_par' dir='ltr' id='par_1_1' title="bbox 818 253 1496 323">
     <span class='ocr_line' id='line_1_1' title="bbox 818 253 1496 323; baseline 0.007 -5"><span class='ocrx_word' id='word_1_1' title='bbox 818 253 1128 320; x_wconf 81' lang='lat' dir='ltr'><strong>DISPUTATIO.</strong></span> <span class='ocrx_word' id='word_1_2' title='bbox 1453 254 1496 323; x_wconf 78' lang='lat'>89</span> 
     </span>
    </p>
   </div>
   <div class='ocr_carea' id='block_1_2' title="bbox 444 426 1497 970">
    <p class='ocr_par' dir='ltr' id='par_1_2' title="bbox 444 426 1497 970">
     <span class='ocr_line' id='line_1_2' title="bbox 449 426 1496 519; baseline 0.003 -23"><span class='ocrx_word' id='word_1_3' title='bbox 449 445 573 517; x_wconf 86' lang='lat' dir='ltr'>poeuas</span> <span class='ocrx_word' id='word_1_4' title='bbox 594 448 659 518; x_wconf 92' lang='lat' dir='ltr'>pro</span> <span class='ocrx_word' id='word_1_5' title='bbox 683 426 819 495; x_wconf 85' lang='lat' dir='ltr'>meritis</span> <span class='ocrx_word' id='word_1_6' title='bbox 843 427 1097 518; x_wconf 84' lang='lat' dir='ltr'>penderemus3</span> <span class='ocrx_word' id='word_1_7' title='bbox 1128 427 1272 498; x_wconf 82' lang='lat' dir='ltr'><strong>forsitan</strong></span> <span class='ocrx_word' id='word_1_8' title='bbox 1296 428 1391 497; x_wconf 91' lang='lat' dir='ltr'>euim</span> <span class='ocrx_word' id='word_1_9' title='bbox 1415 450 1496 519; x_wconf 92' lang='lat' dir='ltr'>pec·</span> 
     </span>
     <span class='ocr_line' id='line_1_3' title="bbox 444 539 1497 635; baseline 0 -23"><span class='ocrx_word' id='word_1_10' title='bbox 444 539 574 612; x_wconf 79' lang='lat' dir='ltr'>¹cantes</span> <span class='ocrx_word' id='word_1_11' title='bbox 594 540 849 635; x_wconf 76' lang='lat' dir='ltr'>ignorabamus,</span> <span class='ocrx_word' id='word_1_12' title='bbox 866 549 929 610; x_wconf 90' lang='lat' dir='ltr'>aut</span> <span class='ocrx_word' id='word_1_13' title='bbox 946 541 1055 610; x_wconf 88' lang='lat' dir='ltr'>etiam</span> <span class='ocrx_word' id='word_1_14' title='bbox 1072 549 1301 634; x_wconf 73' lang='lat' dir='ltr'><strong>agnoscentes</strong></span> <span class='ocrx_word' id='word_1_15' title='bbox 1317 562 1389 610; x_wconf 92' lang='lat' dir='ltr'>nou</span> <span class='ocrx_word' id='word_1_16' title='bbox 1406 540 1497 612; x_wconf 90' lang='lat' dir='ltr'>desi·</span> 
     </span>
     <span class='ocr_line' id='line_1_4' title="bbox 451 656 1497 751; baseline 0.002 -25"><span class='ocrx_word' id='word_1_17' title='bbox 451 656 634 728; x_wconf 88' lang='lat' dir='ltr'>nebanrus.</span> <span class='ocrx_word' id='word_1_18' title='bbox 686 657 730 727; x_wconf 92' lang='lat' dir='ltr'>In</span> <span class='ocrx_word' id='word_1_19' title='bbox 759 657 820 728; x_wconf 92' lang='lat' dir='ltr'>illa</span> <span class='ocrx_word' id='word_1_20' title='bbox 848 659 958 751; x_wconf 81' lang='lat' dir='ltr'>igitur</span> <span class='ocrx_word' id='word_1_21' title='bbox 988 656 1074 727; x_wconf 88' lang='lat' dir='ltr'>bora</span> <span class='ocrx_word' id='word_1_22' title='bbox 1102 657 1220 727; x_wconf 89' lang='lat' dir='ltr'>subito</span> <span class='ocrx_word' id='word_1_23' title='bbox 1249 656 1404 727; x_wconf 88' lang='lat' dir='ltr'>militum</span> <span class='ocrx_word' id='word_1_24' title='bbox 1433 679 1497 728; x_wconf 89' lang='lat' dir='ltr'>uos</span> 
     </span>
     <span class='ocr_line' id='line_1_5' title="bbox 451 772 1496 866; baseline 0.002 -25"><span class='ocrx_word' id='word_1_25' title='bbox 451 772 647 843; x_wconf 91' lang='lat' dir='ltr'>multitudo</span> <span class='ocrx_word' id='word_1_26' title='bbox 672 773 880 865; x_wconf 85' lang='lat' dir='ltr'>circumdat,</span> <span class='ocrx_word' id='word_1_27' title='bbox 905 779 946 842; x_wconf 90' lang='lat' dir='ltr'>ut</span> <span class='ocrx_word' id='word_1_28' title='bbox 976 774 1121 855; x_wconf 88' lang='lat' dir='ltr'>aestimo,</span> <span class='ocrx_word' id='word_1_29' title='bbox 1146 782 1313 865; x_wconf 90' lang='lat' dir='ltr'>putantes</span> <span class='ocrx_word' id='word_1_30' title='bbox 1339 796 1403 843; x_wconf 87' lang='lat' dir='ltr'>nos</span> <span class='ocrx_word' id='word_1_31' title='bbox 1433 796 1496 866; x_wconf 93' lang='lat' dir='ltr'>pro</span> 
     </span>
     <span class='ocr_line' id='line_1_6' title="bbox 452 889 1497 970; baseline 0.003 -14"><span class='ocrx_word' id='word_1_32' title='bbox 452 889 587 959; x_wconf 82' lang='lat' dir='ltr'>insidiis</span> <span class='ocrx_word' id='word_1_33' title='bbox 616 889 823 970; x_wconf 81' lang='lat' dir='ltr'>consedisse,</span> <span class='ocrx_word' id='word_1_34' title='bbox 851 897 915 959; x_wconf 90' lang='lat' dir='ltr'>aut</span> <span class='ocrx_word' id='word_1_35' title='bbox 945 890 1089 958; x_wconf 92' lang='lat' dir='ltr'>omnino</span> <span class='ocrx_word' id='word_1_36' title='bbox 1118 911 1222 959; x_wconf 89' lang='lat' dir='ltr'>usum</span> <span class='ocrx_word' id='word_1_37' title='bbox 1252 889 1309 959; x_wconf 87' lang='lat' dir='ltr'>vel</span> <span class='ocrx_word' id='word_1_38' title='bbox 1339 890 1497 960; x_wconf 89' lang='lat' dir='ltr'>studium</span> 
     </span>
    </p>
   </div>
   <div class='ocr_carea' id='block_1_3' title="bbox 448 1003 1498 1794">
    <p class='ocr_par' dir='ltr' id='par_1_3' title="bbox 448 1003 1498 1794">
     <span class='ocr_line' id='line_1_7' title="bbox 452 1003 1498 1097; baseline 0.002 -23"><span class='ocrx_word' id='word_1_39' title='bbox 452 1003 584 1074; x_wconf 89' lang='lat' dir='ltr'>habere</span> <span class='ocrx_word' id='word_1_40' title='bbox 609 1004 833 1097; x_wconf 82' lang='lat' dir='ltr'>praeliorum;</span> <span class='ocrx_word' id='word_1_41' title='bbox 859 1014 897 1074; x_wconf 88' lang='lat' dir='ltr'>et</span> <span class='ocrx_word' id='word_1_42' title='bbox 919 1004 1018 1075; x_wconf 86' lang='lat' dir='ltr'>nulla</span> <span class='ocrx_word' id='word_1_43' title='bbox 1041 1012 1235 1075; x_wconf 86' lang='lat' dir='ltr'>conventus</span> <span class='ocrx_word' id='word_1_44' title='bbox 1256 1007 1367 1076; x_wconf 86' lang='lat' dir='ltr'>nostri</span> <span class='ocrx_word' id='word_1_45' title='bbox 1392 1028 1498 1076; x_wconf 90' lang='lat' dir='ltr'>causa</span> 
     </span>
     <span class='ocr_line' id='line_1_8' title="bbox 452 1120 1498 1214; baseline 0.002 -24"><span class='ocrx_word' id='word_1_46' title='bbox 452 1122 596 1214; x_wconf 89' lang='lat' dir='ltr'>penitus</span> <span class='ocrx_word' id='word_1_47' title='bbox 612 1121 805 1214; x_wconf 85' lang='lat' dir='ltr'>explorata,</span> <span class='ocrx_word' id='word_1_48' title='bbox 821 1120 954 1191; x_wconf 88' lang='lat' dir='ltr'>bellum</span> <span class='ocrx_word' id='word_1_49' title='bbox 971 1121 1074 1191; x_wconf 89' lang='lat' dir='ltr'>nobis</span> <span class='ocrx_word' id='word_1_50' title='bbox 1096 1122 1320 1205; x_wconf 82' lang='lat' dir='ltr'>denunciant,</span> <span class='ocrx_word' id='word_1_51' title='bbox 1338 1145 1409 1191; x_wconf 92' lang='lat' dir='ltr'>non</span> <span class='ocrx_word' id='word_1_52' title='bbox 1426 1145 1498 1193; x_wconf 85' lang='lat' dir='ltr'>ser·</span> 
     </span>
     <span class='ocr_line' id='line_1_9' title="bbox 451 1237 1496 1330; baseline 0.004 -25"><span class='ocrx_word' id='word_1_53' title='bbox 451 1259 571 1321; x_wconf 89' lang='lat' dir='ltr'>moue,</span> <span class='ocrx_word' id='word_1_54' title='bbox 596 1238 658 1308; x_wconf 89' lang='lat' dir='ltr'>sed</span> <span class='ocrx_word' id='word_1_55' title='bbox 683 1237 810 1330; x_wconf 81' lang='lat' dir='ltr'>gladio,</span> <span class='ocrx_word' id='word_1_56' title='bbox 837 1247 874 1307; x_wconf 91' lang='lat' dir='ltr'>et</span> <span class='ocrx_word' id='word_1_57' title='bbox 902 1237 1073 1319; x_wconf 86' lang='lat' dir='ltr'>homines,</span> <span class='ocrx_word' id='word_1_58' title='bbox 1099 1238 1159 1329; x_wconf 93' lang='lat' dir='ltr'>qui</span> <span class='ocrx_word' id='word_1_59' title='bbox 1189 1239 1351 1328; x_wconf 90' lang='lat' dir='ltr'>injuriam</span> <span class='ocrx_word' id='word_1_60' title='bbox 1381 1237 1496 1309; x_wconf 86' lang='lat' dir='ltr'>facere</span> 
     </span>
     <span class='ocr_line' id='line_1_10' title="bbox 453 1351 1498 1443; baseline 0.001 -21"><span class='ocrx_word' id='word_1_61' title='bbox 453 1353 620 1443; x_wconf 91' lang='lat' dir='ltr'>cuiquam</span> <span class='ocrx_word' id='word_1_62' title='bbox 643 1375 714 1424; x_wconf 92' lang='lat' dir='ltr'>non</span> <span class='ocrx_word' id='word_1_63' title='bbox 738 1352 937 1436; x_wconf 84' lang='lat' dir='ltr'>didicimus,</span> <span class='ocrx_word' id='word_1_64' title='bbox 954 1354 1030 1423; x_wconf 89' lang='lat' dir='ltr'>sinc</span> <span class='ocrx_word' id='word_1_65' title='bbox 1047 1351 1121 1422; x_wconf 89' lang='lat' dir='ltr'>ulla</span> <span class='ocrx_word' id='word_1_66' title='bbox 1141 1352 1378 1422; x_wconf 86' lang='lat' dir='ltr'>misericordia</span> <span class='ocrx_word' id='word_1_67' title='bbox 1393 1354 1498 1423; x_wconf 79' lang='lat' dir='ltr'>⁸mis-</span> 
     </span>
     <span class='ocr_line' id='line_1_11' title="bbox 454 1467 1497 1552; baseline 0.001 -14"><span class='ocrx_word' id='word_1_68' title='bbox 454 1467 615 1539; x_wconf 87' lang='lat' dir='ltr'>sibilibus</span> <span class='ocrx_word' id='word_1_69' title='bbox 649 1468 847 1552; x_wconf 86' lang='lat' dir='ltr'>vulnerant,</span> <span class='ocrx_word' id='word_1_70' title='bbox 877 1469 987 1539; x_wconf 88' lang='lat' dir='ltr'>hastis</span> <span class='ocrx_word' id='word_1_71' title='bbox 1020 1468 1237 1550; x_wconf 82' lang='lat' dir='ltr'>confodiunt,</span> <span class='ocrx_word' id='word_1_72' title='bbox 1270 1468 1497 1539; x_wconf 90' lang='lat' dir='ltr'>mucronibus</span> 
     </span>
     <span class='ocr_line' id='line_1_12' title="bbox 448 1583 1498 1677; baseline 0.001 -23"><span class='ocrx_word' id='word_1_73' title='bbox 448 1585 628 1677; x_wconf 85' lang='lat' dir='ltr'>jugulant.</span> <span class='ocrx_word' id='word_1_74' title='bbox 692 1583 742 1655; x_wconf 88' lang='lat' dir='ltr'>Et</span> <span class='ocrx_word' id='word_1_75' title='bbox 774 1585 1028 1656; x_wconf 86' lang='lat' dir='ltr'>interfecerunt</span> <span class='ocrx_word' id='word_1_76' title='bbox 1062 1583 1206 1676; x_wconf 90' lang='lat' dir='ltr'>quidem</span> <span class='ocrx_word' id='word_1_77' title='bbox 1239 1607 1285 1654; x_wconf 85' lang='lat' dir='ltr'>ex</span> <span class='ocrx_word' id='word_1_78' title='bbox 1318 1584 1420 1654; x_wconf 89' lang='lat' dir='ltr'>nobis</span> <span class='ocrx_word' id='word_1_79' title='bbox 1452 1585 1498 1655; x_wconf 90' lang='lat' dir='ltr'>ad</span> 
     </span>
     <span class='ocr_line' id='line_1_13' title="bbox 454 1699 1498 1794; baseline 0.001 -25"><span class='ocrx_word' id='word_1_80' title='bbox 454 1699 554 1770; x_wconf 90' lang='lat' dir='ltr'>mille</span> <span class='ocrx_word' id='word_1_81' title='bbox 574 1709 751 1771; x_wconf 87' lang='lat' dir='ltr'>trecentos</span> <span class='ocrx_word' id='word_1_82' title='bbox 774 1702 875 1782; x_wconf 85' lang='lat' dir='ltr'>viros,</span> <span class='ocrx_word' id='word_1_83' title='bbox 893 1700 1166 1770; x_wconf 86' lang='lat' dir='ltr'>vulneraverunt</span> <span class='ocrx_word' id='word_1_84' title='bbox 1189 1707 1308 1769; x_wconf 85' lang='lat' dir='ltr'>autem</span> <span class='ocrx_word' id='word_1_85' title='bbox 1327 1701 1498 1794; x_wconf 85' lang='lat' dir='ltr'>quingen-</span> 
     </span>
    </p>
   </div>
   <div class='ocr_carea' id='block_1_4' title="bbox 454 1816 1531 4113">
    <p class='ocr_par' dir='ltr' id='par_1_4' title="bbox 454 1816 1531 4113">
     <span class='ocr_line' id='line_1_14' title="bbox 455 1816 1497 1908; baseline 0.003 -23"><span class='ocrx_word' id='word_1_86' title='bbox 455 1826 521 1887; x_wconf 89' lang='lat' dir='ltr'>tos.</span> <span class='ocrx_word' id='word_1_87' title='bbox 574 1816 667 1887; x_wconf 89' lang='lat' dir='ltr'>Cum</span> <span class='ocrx_word' id='word_1_88' title='bbox 692 1840 776 1888; x_wconf 81' lang='lat' dir='ltr'>vero</span> <span class='ocrx_word' id='word_1_89' title='bbox 801 1817 877 1887; x_wconf 89' lang='lat' dir='ltr'>dies</span> <span class='ocrx_word' id='word_1_90' title='bbox 901 1816 1074 1898; x_wconf 91' lang='lat' dir='ltr'>inclaruit,</span> <span class='ocrx_word' id='word_1_91' title='bbox 1093 1817 1154 1907; x_wconf 93' lang='lat' dir='ltr'>qui</span> <span class='ocrx_word' id='word_1_92' title='bbox 1180 1817 1425 1908; x_wconf 89' lang='lat' dir='ltr'>superfuerant</span> <span class='ocrx_word' id='word_1_93' title='bbox 1451 1840 1497 1888; x_wconf 91' lang='lat' dir='ltr'>ex</span> 
     </span>
     <span class='ocr_line' id='line_1_15' title="bbox 454 1932 1498 2026; baseline 0.002 -24"><span class='ocrx_word' id='word_1_94' title='bbox 454 1933 569 2019; x_wconf 90' lang='lat' dir='ltr'>nobis,</span> <span class='ocrx_word' id='word_1_95' title='bbox 586 1932 657 2004; x_wconf 94' lang='lat' dir='ltr'>huc</span> <span class='ocrx_word' id='word_1_96' title='bbox 678 1935 922 2026; x_wconf 87' lang='lat' dir='ltr'>perduxerunt</span> <span class='ocrx_word' id='word_1_97' title='bbox 944 1934 1111 2025; x_wconf 87' lang='lat' dir='ltr'>captivos,</span> <span class='ocrx_word' id='word_1_98' title='bbox 1125 1954 1190 2002; x_wconf 90' lang='lat' dir='ltr'>nec</span> <span class='ocrx_word' id='word_1_99' title='bbox 1208 1933 1257 2001; x_wconf 91' lang='lat' dir='ltr'>sic</span> <span class='ocrx_word' id='word_1_100' title='bbox 1275 1934 1418 2024; x_wconf 90' lang='lat' dir='ltr'>quidem</span> <span class='ocrx_word' id='word_1_101' title='bbox 1435 1934 1498 2005; x_wconf 91' lang='lat' dir='ltr'>ali·</span> 
     </span>
     <span class='ocr_line' id='line_1_16' title="bbox 454 2049 1497 2143; baseline 0.003 -25"><span class='ocrx_word' id='word_1_102' title='bbox 454 2050 538 2139; x_wconf 90' lang='lat' dir='ltr'>quid</span> <span class='ocrx_word' id='word_1_103' title='bbox 560 2049 662 2120; x_wconf 92' lang='lat' dir='ltr'>uobis</span> <span class='ocrx_word' id='word_1_104' title='bbox 684 2049 929 2120; x_wconf 78' lang='lat' dir='ltr'>misericordiae</span> <span class='ocrx_word' id='word_1_105' title='bbox 949 2050 1205 2119; x_wconf 89' lang='lat' dir='ltr'>concedentes:</span> <span class='ocrx_word' id='word_1_106' title='bbox 1231 2050 1384 2143; x_wconf 84' lang='lat' dir='ltr'>agebant</span> <span class='ocrx_word' id='word_1_107' title='bbox 1402 2052 1497 2121; x_wconf 90' lang='lat' dir='ltr'>enim</span> 
     </span>
     <span class='ocr_line' id='line_1_17' title="bbox 455 2164 1499 2257; baseline 0.003 -24"><span class='ocrx_word' id='word_1_108' title='bbox 455 2187 518 2234; x_wconf 90' lang='lat' dir='ltr'>nos</span> <span class='ocrx_word' id='word_1_109' title='bbox 543 2174 628 2237; x_wconf 90' lang='lat' dir='ltr'>ante</span> <span class='ocrx_word' id='word_1_110' title='bbox 653 2188 773 2257; x_wconf 89' lang='lat' dir='ltr'>equos,</span> <span class='ocrx_word' id='word_1_111' title='bbox 790 2164 972 2236; x_wconf 90' lang='lat' dir='ltr'>hastilium</span> <span class='ocrx_word' id='word_1_112' title='bbox 999 2165 1203 2235; x_wconf 86' lang='lat' dir='ltr'>verberibus</span> <span class='ocrx_word' id='word_1_113' title='bbox 1228 2164 1436 2248; x_wconf 75' lang='lat' dir='ltr'>stimulatos</span> <span class='ocrx_word' id='word_1_114' title='bbox 1460 2173 1499 2236; x_wconf 91' lang='lat' dir='ltr'>et</span> 
     </span>
     <span class='ocr_line' id='line_1_18' title="bbox 455 2278 1496 2373; baseline -0.001 -22"><span class='ocrx_word' id='word_1_115' title='bbox 455 2303 626 2372; x_wconf 89' lang='lat' dir='ltr'>equorum</span> <span class='ocrx_word' id='word_1_116' title='bbox 644 2281 818 2352; x_wconf 85' lang='lat' dir='ltr'>frontibus</span> <span class='ocrx_word' id='word_1_117' title='bbox 833 2280 1014 2373; x_wconf 89' lang='lat' dir='ltr'>impulsos.</span> <span class='ocrx_word' id='word_1_118' title='bbox 1057 2278 1107 2349; x_wconf 91' lang='lat' dir='ltr'>Et</span> <span class='ocrx_word' id='word_1_119' title='bbox 1123 2281 1326 2372; x_wconf 89' lang='lat' dir='ltr'>perduravit</span> <span class='ocrx_word' id='word_1_120' title='bbox 1343 2281 1496 2372; x_wconf 88' lang='lat' dir='ltr'>quidem,</span> 
     </span>
     <span class='ocr_line' id='line_1_19' title="bbox 455 2395 1499 2488; baseline 0 -20"><span class='ocrx_word' id='word_1_121' title='bbox 455 2399 482 2468; x_wconf 91' lang='lat' dir='ltr'>si</span> <span class='ocrx_word' id='word_1_122' title='bbox 505 2399 563 2469; x_wconf 91' lang='lat' dir='ltr'>cni</span> <span class='ocrx_word' id='word_1_123' title='bbox 581 2399 673 2469; x_wconf 84' lang='lat' dir='ltr'>vires</span> <span class='ocrx_word' id='word_1_124' title='bbox 695 2398 840 2468; x_wconf 84' lang='lat' dir='ltr'>fuerunt</span> <span class='ocrx_word' id='word_1_125' title='bbox 862 2396 1047 2479; x_wconf 88' lang='lat' dir='ltr'>tolerandi,</span> <span class='ocrx_word' id='word_1_126' title='bbox 1064 2395 1205 2488; x_wconf 90' lang='lat' dir='ltr'>plurimi</span> <span class='ocrx_word' id='word_1_127' title='bbox 1224 2418 1306 2465; x_wconf 88' lang='lat' dir='ltr'>vero</span> <span class='ocrx_word' id='word_1_128' title='bbox 1332 2407 1415 2467; x_wconf 89' lang='lat' dir='ltr'>ante</span> <span class='ocrx_word' id='word_1_129' title='bbox 1438 2419 1499 2468; x_wconf 90' lang='lat' dir='ltr'>ora</span> 
     </span>
     <span class='ocr_line' id='line_1_20' title="bbox 455 2511 1501 2598; baseline 0 -14"><span class='ocrx_word' id='word_1_130' title='bbox 455 2515 680 2584; x_wconf 90' lang='lat' dir='ltr'>dominorum</span> <span class='ocrx_word' id='word_1_131' title='bbox 708 2513 905 2585; x_wconf 89' lang='lat' dir='ltr'>crudelium</span> <span class='ocrx_word' id='word_1_132' title='bbox 934 2511 1171 2598; x_wconf 86' lang='lat' dir='ltr'>concidentes,</span> <span class='ocrx_word' id='word_1_133' title='bbox 1198 2514 1331 2583; x_wconf 89' lang='lat' dir='ltr'>animas</span> <span class='ocrx_word' id='word_1_134' title='bbox 1358 2511 1501 2584; x_wconf 86' lang='lat' dir='ltr'>exbala-</span> 
     </span>
     <span class='ocr_line' id='line_1_21' title="bbox 456 2628 1502 2723; baseline -0.001 -23"><span class='ocrx_word' id='word_1_135' title='bbox 456 2630 563 2715; x_wconf 90' lang='lat' dir='ltr'>baut;</span> <span class='ocrx_word' id='word_1_136' title='bbox 588 2631 784 2723; x_wconf 85' lang='lat' dir='ltr'>pendentes</span> <span class='ocrx_word' id='word_1_137' title='bbox 807 2629 974 2700; x_wconf 89' lang='lat' dir='ltr'>uberibus</span> <span class='ocrx_word' id='word_1_138' title='bbox 997 2628 1160 2721; x_wconf 88' lang='lat' dir='ltr'>parvulos</span> <span class='ocrx_word' id='word_1_139' title='bbox 1182 2650 1263 2699; x_wconf 89' lang='lat' dir='ltr'>suos</span> <span class='ocrx_word' id='word_1_140' title='bbox 1280 2638 1421 2711; x_wconf 90' lang='lat' dir='ltr'>matres,</span> <span class='ocrx_word' id='word_1_141' title='bbox 1440 2629 1502 2699; x_wconf 91' lang='lat' dir='ltr'>de·</span> 
     </span>
     <span class='ocr_line' id='line_1_22' title="bbox 457 2744 1501 2840; baseline -0.002 -23"><span class='ocrx_word' id='word_1_142' title='bbox 457 2746 613 2840; x_wconf 84' lang='lat' dir='ltr'>fatigatis</span> <span class='ocrx_word' id='word_1_143' title='bbox 639 2770 681 2817; x_wconf 91' lang='lat' dir='ltr'>ac</span> <span class='ocrx_word' id='word_1_144' title='bbox 706 2746 857 2817; x_wconf 89' lang='lat' dir='ltr'>dimissis</span> <span class='ocrx_word' id='word_1_145' title='bbox 887 2768 994 2816; x_wconf 93' lang='lat' dir='ltr'>onere</span> <span class='ocrx_word' id='word_1_146' title='bbox 1023 2744 1183 2826; x_wconf 89' lang='lat' dir='ltr'>brachiis,</span> <span class='ocrx_word' id='word_1_147' title='bbox 1210 2744 1310 2814; x_wconf 92' lang='lat' dir='ltr'>humi</span> <span class='ocrx_word' id='word_1_148' title='bbox 1339 2744 1501 2815; x_wconf 88' lang='lat' dir='ltr'>decidere</span> 
     </span>
     <span class='ocr_line' id='line_1_23' title="bbox 456 2860 1501 2954; baseline -0.003 -22"><span class='ocrx_word' id='word_1_149' title='bbox 456 2862 631 2943; x_wconf 83' lang='lat' dir='ltr'>sinebant,</span> <span class='ocrx_word' id='word_1_150' title='bbox 657 2862 799 2954; x_wconf 75' lang='lat' dir='ltr'>agitata</span> <span class='ocrx_word' id='word_1_151' title='bbox 827 2860 1091 2952; x_wconf 88' lang='lat' dir='ltr'>insequentium</span> <span class='ocrx_word' id='word_1_152' title='bbox 1120 2860 1248 2942; x_wconf 92' lang='lat' dir='ltr'>minis;</span> <span class='ocrx_word' id='word_1_153' title='bbox 1280 2860 1392 2930; x_wconf 89' lang='lat' dir='ltr'>omnis</span> <span class='ocrx_word' id='word_1_154' title='bbox 1417 2881 1501 2929; x_wconf 86' lang='lat' dir='ltr'>vero</span> 
     </span>
     <span class='ocr_line' id='line_1_24' title="bbox 457 2976 1502 3069; baseline -0.001 -21"><span class='ocrx_word' id='word_1_155' title='bbox 457 2979 576 3048; x_wconf 88' lang='lat' dir='ltr'>senilis</span> <span class='ocrx_word' id='word_1_156' title='bbox 599 2986 684 3048; x_wconf 86' lang='lat' dir='ltr'>aetas</span> <span class='ocrx_word' id='word_1_157' title='bbox 701 2978 795 3047; x_wconf 86' lang='lat' dir='ltr'>ricta</span> <span class='ocrx_word' id='word_1_158' title='bbox 818 2976 1005 3057; x_wconf 80' lang='lat' dir='ltr'>laboribus,</span> <span class='ocrx_word' id='word_1_159' title='bbox 1022 2999 1064 3046; x_wconf 89' lang='lat' dir='ltr'>ac</span> <span class='ocrx_word' id='word_1_160' title='bbox 1083 2976 1237 3047; x_wconf 89' lang='lat' dir='ltr'>resoluta</span> <span class='ocrx_word' id='word_1_161' title='bbox 1256 2999 1319 3069; x_wconf 87' lang='lat' dir='ltr'>per</span> <span class='ocrx_word' id='word_1_162' title='bbox 1335 2977 1502 3062; x_wconf 90' lang='lat' dir='ltr'>inediam,</span> 
     </span>
     <span class='ocr_line' id='line_1_25' title="bbox 457 3090 1502 3185; baseline 0 -21"><span class='ocrx_word' id='word_1_163' title='bbox 457 3093 644 3164; x_wconf 78' lang='lat' dir='ltr'>corruebat</span> <span class='ocrx_word' id='word_1_164' title='bbox 665 3094 703 3162; x_wconf 93' lang='lat' dir='ltr'>iu</span> <span class='ocrx_word' id='word_1_165' title='bbox 725 3102 866 3163; x_wconf 89' lang='lat' dir='ltr'>terram.</span> <span class='ocrx_word' id='word_1_166' title='bbox 919 3090 1071 3185; x_wconf 87' lang='lat' dir='ltr'>Superbi</span> <span class='ocrx_word' id='word_1_167' title='bbox 1090 3115 1173 3162; x_wconf 88' lang='lat' dir='ltr'>vero</span> <span class='ocrx_word' id='word_1_168' title='bbox 1194 3092 1325 3163; x_wconf 89' lang='lat' dir='ltr'>milites</span> <span class='ocrx_word' id='word_1_169' title='bbox 1342 3092 1410 3163; x_wconf 89' lang='lat' dir='ltr'>hoc</span> <span class='ocrx_word' id='word_1_170' title='bbox 1427 3102 1502 3164; x_wconf 90' lang='lat' dir='ltr'>tarn</span> 
     </span>
     <span class='ocr_line' id='line_1_26' title="bbox 458 3207 1503 3302; baseline 0.001 -22"><span class='ocrx_word' id='word_1_171' title='bbox 458 3217 606 3281; x_wconf 89' lang='lat' dir='ltr'>cruento</span> <span class='ocrx_word' id='word_1_172' title='bbox 630 3208 879 3279; x_wconf 83' lang='lat' dir='ltr'>collabentium</span> <span class='ocrx_word' id='word_1_173' title='bbox 905 3207 1116 3301; x_wconf 89' lang='lat' dir='ltr'>spectaculo,</span> <span class='ocrx_word' id='word_1_174' title='bbox 1134 3216 1302 3300; x_wconf 89' lang='lat' dir='ltr'>tanquam</span> <span class='ocrx_word' id='word_1_175' title='bbox 1319 3209 1503 3302; x_wconf 87' lang='lat' dir='ltr'>voluptate</span> 
     </span>
     <span class='ocr_line' id='line_1_27' title="bbox 458 3322 1503 3417; baseline 0.001 -22"><span class='ocrx_word' id='word_1_176' title='bbox 458 3325 586 3417; x_wconf 83' lang='lat' dir='ltr'>aliqua,</span> <span class='ocrx_word' id='word_1_177' title='bbox 604 3323 820 3406; x_wconf 81' lang='lat' dir='ltr'>fruebantur,</span> <span class='ocrx_word' id='word_1_178' title='bbox 845 3346 926 3393; x_wconf 90' lang='lat' dir='ltr'>cnm</span> <span class='ocrx_word' id='word_1_179' title='bbox 953 3322 1040 3393; x_wconf 90' lang='lat' dir='ltr'>alios</span> <span class='ocrx_word' id='word_1_180' title='bbox 1065 3323 1271 3394; x_wconf 88' lang='lat' dir='ltr'>deficientes</span> <span class='ocrx_word' id='word_1_181' title='bbox 1293 3325 1401 3395; x_wconf 90' lang='lat' dir='ltr'>sterni</span> <span class='ocrx_word' id='word_1_182' title='bbox 1428 3325 1503 3396; x_wconf 90' lang='lat' dir='ltr'>solo</span> 
     </span>
     <span class='ocr_line' id='line_1_28' title="bbox 459 3438 1504 3532; baseline 0.001 -21"><span class='ocrx_word' id='word_1_183' title='bbox 459 3448 655 3522; x_wconf 86' lang='lat' dir='ltr'>cernerent,</span> <span class='ocrx_word' id='word_1_184' title='bbox 672 3441 708 3509; x_wconf 91' lang='lat' dir='ltr'>in</span> <span class='ocrx_word' id='word_1_185' title='bbox 731 3438 808 3509; x_wconf 90' lang='lat' dir='ltr'>aliis</span> <span class='ocrx_word' id='word_1_186' title='bbox 833 3439 909 3509; x_wconf 88' lang='lat' dir='ltr'>sitis</span> <span class='ocrx_word' id='word_1_187' title='bbox 934 3439 1115 3509; x_wconf 89' lang='lat' dir='ltr'>ardoribus</span> <span class='ocrx_word' id='word_1_188' title='bbox 1141 3439 1306 3532; x_wconf 82' lang='lat' dir='ltr'>fatigatis,</span> <span class='ocrx_word' id='word_1_189' title='bbox 1325 3441 1504 3512; x_wconf 89' lang='lat' dir='ltr'>intueren-</span> 
     </span>
     <span class='ocr_line' id='line_1_29' title="bbox 460 3554 1501 3650; baseline 0.003 -25"><span class='ocrx_word' id='word_1_190' title='bbox 460 3564 517 3625; x_wconf 89' lang='lat' dir='ltr'>tur</span> <span class='ocrx_word' id='word_1_191' title='bbox 541 3556 652 3625; x_wconf 89' lang='lat' dir='ltr'>etiam</span> <span class='ocrx_word' id='word_1_192' title='bbox 679 3555 774 3625; x_wconf 88' lang='lat' dir='ltr'>vocis</span> <span class='ocrx_word' id='word_1_193' title='bbox 797 3563 968 3635; x_wconf 88' lang='lat' dir='ltr'>meatum,</span> <span class='ocrx_word' id='word_1_194' title='bbox 992 3563 1172 3625; x_wconf 87' lang='lat' dir='ltr'>arescente</span> <span class='ocrx_word' id='word_1_195' title='bbox 1197 3554 1326 3648; x_wconf 78' lang='lat' dir='ltr'>linguae</span> <span class='ocrx_word' id='word_1_196' title='bbox 1353 3556 1501 3650; x_wconf 87' lang='lat' dir='ltr'>glutino,</span> 
     </span>
     <span class='ocr_line' id='line_1_30' title="bbox 461 3669 1502 3766; baseline 0.003 -27"><span class='ocrx_word' id='word_1_197' title='bbox 461 3670 662 3762; x_wconf 81' lang='lat' dir='ltr'>praepediri3</span> <span class='ocrx_word' id='word_1_198' title='bbox 690 3669 777 3739; x_wconf 90' lang='lat' dir='ltr'>alios</span> <span class='ocrx_word' id='word_1_199' title='bbox 799 3692 882 3739; x_wconf 88' lang='lat' dir='ltr'>vero</span> <span class='ocrx_word' id='word_1_200' title='bbox 907 3670 1077 3752; x_wconf 85' lang='lat' dir='ltr'>viderent,</span> <span class='ocrx_word' id='word_1_201' title='bbox 1096 3672 1271 3741; x_wconf 88' lang='lat' dir='ltr'>conversis</span> <span class='ocrx_word' id='word_1_202' title='bbox 1297 3680 1377 3764; x_wconf 89' lang='lat' dir='ltr'>post</span> <span class='ocrx_word' id='word_1_203' title='bbox 1401 3680 1502 3766; x_wconf 85' lang='lat' dir='ltr'>terga</span> 
     </span>
     <span class='ocr_line' id='line_1_31' title="bbox 462 3785 1503 3882; baseline 0.001 -25"><span class='ocrx_word' id='word_1_204' title='bbox 462 3786 579 3867; x_wconf 87' lang='lat' dir='ltr'>oculis,</span> <span class='ocrx_word' id='word_1_205' title='bbox 597 3786 834 3877; x_wconf 87' lang='lat' dir='ltr'>expirantium</span> <span class='ocrx_word' id='word_1_206' title='bbox 857 3785 1082 3877; x_wconf 83' lang='lat' dir='ltr'>parvulorum</span> <span class='ocrx_word' id='word_1_207' title='bbox 1104 3808 1247 3856; x_wconf 89' lang='lat' dir='ltr'>suorum</span> <span class='ocrx_word' id='word_1_208' title='bbox 1271 3788 1503 3882; x_wconf 83' lang='lat' dir='ltr'>ingemiscen-</span> 
     </span>
     <span class='ocr_line' id='line_1_32' title="bbox 464 3899 1531 3996; baseline 0.002 -25"><span class='ocrx_word' id='word_1_209' title='bbox 464 3908 515 3971; x_wconf 87' lang='lat' dir='ltr'>tes</span> <span class='ocrx_word' id='word_1_210' title='bbox 540 3902 669 3983; x_wconf 85' lang='lat' dir='ltr'>exitiis,</span> <span class='ocrx_word' id='word_1_211' title='bbox 695 3922 776 3971; x_wconf 92' lang='lat' dir='ltr'>cum</span> <span class='ocrx_word' id='word_1_212' title='bbox 806 3899 858 3968; x_wconf 91' lang='lat' dir='ltr'>illi</span> <span class='ocrx_word' id='word_1_213' title='bbox 885 3899 1141 3971; x_wconf 89' lang='lat' dir='ltr'>infelicissimas</span> <span class='ocrx_word' id='word_1_214' title='bbox 1170 3911 1300 3973; x_wconf 90' lang='lat' dir='ltr'>matres</span> <span class='ocrx_word' id='word_1_215' title='bbox 1327 3902 1531 3996; x_wconf 66' lang='lat' dir='ltr'>vagitibus,</span> 
     </span>
     <span class='ocr_line' id='line_1_33' title="bbox 467 4015 1504 4113; baseline 0.007 -31"><span class='ocrx_word' id='word_1_216' title='bbox 467 4016 701 4098; x_wconf 89' lang='lat' dir='ltr'>inclamarent,</span> <span class='ocrx_word' id='word_1_217' title='bbox 724 4015 793 4086; x_wconf 88' lang='lat' dir='ltr'>illac</span> <span class='ocrx_word' id='word_1_218' title='bbox 817 4036 901 4083; x_wconf 89' lang='lat' dir='ltr'>vero</span> <span class='ocrx_word' id='word_1_219' title='bbox 926 4017 1130 4108; x_wconf 80' lang='lat' dir='ltr'>praedonum</span> <span class='ocrx_word' id='word_1_220' title='bbox 1156 4019 1406 4089; x_wconf 88' lang='lat' dir='ltr'>acerbitatibus</span> <span class='ocrx_word' id='word_1_221' title='bbox 1430 4019 1504 4113; x_wconf 83' lang='lat' dir='ltr'>agi-</span> 
     </span>
    </p>
   </div>
   <div class='ocr_carea' id='block_1_5' title="bbox 752 4260 1212 4335">
    <p class='ocr_par' dir='ltr' id='par_1_5' title="bbox 752 4260 1212 4335">
     <span class='ocr_line' id='line_1_34' title="bbox 752 4260 1212 4335; baseline 0.011 -22"><span class='ocrx_word' id='word_1_222' title='bbox 752 4269 768 4313; x_wconf 72' lang='lat'>8</span> <span class='ocrx_word' id='word_1_223' title='bbox 785 4260 908 4316; x_wconf 77' lang='lat' dir='ltr'>Bnrbara</span> <span class='ocrx_word' id='word_1_224' title='bbox 921 4280 976 4316; x_wconf 80' lang='lat' dir='ltr'>vox</span> <span class='ocrx_word' id='word_1_225' title='bbox 992 4280 1042 4335; x_wconf 93' lang='lat' dir='ltr'>pro</span> <span class='ocrx_word' id='word_1_226' title='bbox 1057 4260 1212 4318; x_wconf 81' lang='lat' dir='ltr'>missilibus.</span> 
     </span>
    </p>
   </div>
   <div class='ocr_carea' id='block_1_6' title="bbox 0 0 1969 5167">
    <p class='ocr_par' dir='ltr' id='par_1_6' title="bbox 0 0 1969 5167">
     <span class='ocr_line' id='line_1_35' title="bbox 0 0 1969 5167; baseline 0 0"><span class='ocrx_word' id='word_1_227' title='bbox 0 0 1969 5167; x_wconf 95' lang='lat' dir='ltr'> </span> 
     </span>
    </p>
   </div>
  </div>
 </body>
</html>
