3900 5167
530 450 573 515 46
749 450 1002 513 ARCHELAI
1033 451 1097 513 ET
1130 449 1350 513 MANETIS

530 619 657 705 κακοὺς
683 626 842 721 ποιῆσαι,
862 621 940 702 οὐδὲ
958 621 1030 721 μὴν
1049 620 1193 725 δένδρον
1211 619 1320 702 κακὸν
1337 620 1471 706 καλοὺς
1488 656 1573 724 καρ-

527 748 617 833 ποὺς
646 752 806 845 ποιῆσαι.
857 752 916 828 καὶ
940 754 1018 831 πῶς
1041 747 1105 827 τὸν
1130 747 1226 829 Θεὸν
1247 757 1311 829 τοῦ
1339 754 1495 846 Σατανᾶ,
1516 752 1572 828 καὶ

528 881 601 954 τῶν
627 882 745 955 κακῶν
772 876 879 955 αὐτοῦ
903 873 1128 976 πραγμάτων
1153 876 1272 978 λε’γειν
1300 881 1467 973 τολμῶσι
1494 908 1570 955 ποι-

528 998 618 1099 ητὴν
644 1002 703 1079 καὶ
727 999 952 1103 δημιουργὸν,
975 1000 1164 1103 θαυμάζειν
1187 1036 1248 1100 μοι
1271 1000 1466 1105 ἐπέρχεται.
1516 1003 1571 1081 καί

529 1128 599 1208 εἴθε
617 1126 681 1226 μὲν
702 1127 787 1232 ἄχρι
814 1128 948 1208 τούτων
971 1127 1133 1232 ε”φθασεν
1152 1130 1269 1208 αὐτῶν
1286 1129 1309 1229 ἡ
1327 1128 1570 1227 ματαιοπονία,

530 1258 588 1333 καὶ
606 1253 656 1354 μὴ
674 1254 738 1335 τὸν
754 1260 928 1356 μονογενῆ
950 1254 1015 1336 τὸν
1032 1258 1070 1335 ἐκ
1089 1263 1161 1335 τῶν
1180 1256 1328 1336 κόλπων
1344 1263 1408 1336 τοῦ
1429 1253 1571 1358 [impis

530 1378 736 1472 καταθέοντα
762 1379 937 1484 Χριστὸν,
961 1381 1105 1482 Μαρίας
1132 1381 1226 1466 τινὸς
1254 1379 1420 1483 γυναικὸς
1447 1380 1571 1483 ἔλεγον

530 1504 617 1587 εἶναι
648 1506 732 1604 υἱὸν,
762 1508 807 1614 ἐξ
835 1507 984 1606 αἵματος
1016 1511 1074 1587 καὶ
1105 1507 1251 1612 σαρκὸς,
1281 1512 1426 1608 καὶτῆς
1455 1509 1571 1608 ἄλλης

530 1634 705 1717 δυσωδίας
734 1640 804 1712 τῶν
836 1640 1013 1736 γυναικῶν
1048 1638 1294 1736 1γεγενῆσθαι.
1344 1637 1401 1714 καὶ
1433 1633 1493 1713 ἵνα
1522 1630 1569 1733 μὴ

467 1747 471 1756 “
530 1759 575 1839 τὰ
592 1758 718 1840 πολλὰ
735 1757 794 1838 διὰ
811 1765 922 1857 τῆσδε
941 1765 1005 1859 τῆς
1033 1763 1229 1859 ἐπιστολῆς
1245 1760 1409 1866 γράφων,
1428 1766 1477 1844 εὶς
1498 1764 1567 1858 μῆ·

530 1922 591 1971 κος
609 1884 738 1991 χρόνου
756 1886 914 1990 διασύρω
933 1922 1003 1967 σου
1021 1887 1087 1986 τὴν
1104 1889 1296 1984 ἐπιείκειαν,
1315 1889 1377 1967 οὐκ
1399 1887 1490 1991 ἔχων
1508 1883 1571 1970 τὰς

530 2009 685 2120 φυσικὰς
714 2010 876 2116 φράσεις,
894 2016 952 2093 ἐπὶ
977 2014 1114 2097 τούτοις
1135 2012 1419 2116 ἀρκεσθήσομαι.
1469 2010 1511 2092 τὸ
1537 2016 1569 2091 δ’

530 2138 618 2219 ὅλον
637 2138 762 2243 γνώσῃ
779 2138 955 2241 παρόντος
973 2175 1043 2236 μου
1060 2137 1150 2243 πρὸς
1168 2139 1223 2236 σὲ,
1239 2140 1311 2241 ε’ίγε
1335 2144 1398 2239 τῆς
1416 2147 1569 2219 σεαυτοῦ

530 2267 709 2368 σωτηρίας
735 2265 786 2344 ἔτι
805 2266 920 2372 φείδῃ,
939 2265 1107 2369 οὐδὲγὰρ
1125 2266 1261 2371 βρόχον
1278 2271 1347 2347 τινὶ
1372 2266 1569 2363 ἐπιβάλλω,

530 2503 621 2570 arbor
634 2506 718 2571 ιιιοία
733 2504 818 2571 bonos
830 2509 957 2591 fluctus
970 2509 1029 2592 sa·
1071 2529 1176 2583 carno,
1196 2529 1234 2571 οο
1255 2506 1383 2592 reliquis
1404 2505 1569 2570 mulierum

530 2612 603 2670 οιιι,
618 2613 710 2676 neque
731 2590 823 2657 arbor
840 2590 915 2657 δουα
935 2593 1030 2657 malos
1070 2593 1229 2678 spurcitiis
1242 2600 1440 2678 generatum.
1462 2592 1522 2669 Et,
1533 2598 1568 2656 ut

521 2677 764 2762 smstusfacore.
788 2678 952 2760 Quomodo
962 2678 1029 2743 Du
1069 2700 1109 2742 ne
1131 2679 1266 2763 plurima
1280 2700 1337 2763 per
1352 2679 1432 2741 hano
1450 2677 1567 2826 efisto-

530 2763 650 2826 minum
667 2765 806 2841 Satanae,
822 2772 856 2828 st
872 2766 1029 2829 malorum
1069 2766 1133 2827 lam
1148 2765 1293 2842 suribam,
1309 2770 1407 2850 atque
1420 2763 1454 2827 in
1480 2762 1568 2850 ongi-

531 2848 599 2933 sjus
613 2857 742 2913 actuum
756 2851 909 2914 faetorem
924 2851 1029 2915 diuers
1069 2850 1211 2915 tudinem
1221 2850 1371 2935 temporis
1382 2849 1569 2935 protraham

530 2934 670 2999 audeant
685 2943 718 2999 et
733 2936 940 3015 conditorem,
961 2936 1029 3021 plu·
1069 2936 1257 3021 patientium
1279 2944 1377 3009 tuam,
1398 2956 1469 2999 cum
1492 2934 1568 2998 mihi

530 3019 645 3083 rimum
660 3021 765 3085 miror.
798 3022 841 3085 Et
855 3030 952 3108 atque
966 3022 1028 3087 uti·
1069 3045 1132 3087 non
1147 3022 1232 3087 adsit
1248 3021 1569 3106 eloquentiamtnrs-

530 3127 604 3169 nam
619 3129 657 3170 eo
671 3129 769 3191 usque
781 3130 890 3171 eornm
904 3108 1029 3173 vanitas
1069 3108 1117 3186 lis,
1133 3108 1248 3173 sufficit
1263 3108 1326 3171 istu
1340 3107 1467 3172 dixisse.
1495 3107 1568 3172 Om-

529 3193 734 3277 psrvenissst‚
751 3201 784 3258 et
804 3216 865 3256 non
888 3194 1029 3279 unigeni·
1069 3195 1123 3258 nia
1152 3203 1260 3258 autern
1290 3214 1469 3278 cognososs,
1498 3215 1568 3259 cum

529 3284 608 3351 tum,
631 3277 710 3363 ἀραί
732 3280 769 3342 αι
785 3281 890 3364 patris
914 3279 1029 3345 sinibus
1070 3302 1210 3367 praesens
1236 3281 1325 3343 suero
1350 3279 1434 3363 apud
1464 3286 1517 3354 te;
1542 3279 1568 3342 si

527 3362 675 3428 descendit
687 3373 708 3441 ¹,
725 3365 898 3443 Christum,
915 3366 1028 3431 Mariae
1070 3374 1178 3430 tamen
1198 3366 1293 3430 saluti
1315 3374 1379 3430 tuae
1403 3378 1567 3449 ‘parterm

527 3449 692 3534 cujusdam
706 3450 845 3515 mulieris
863 3474 931 3515 esse
947 3452 1029 3516 dico-
1069 3474 1107 3516 an
1136 3452 1301 3537 providere
1330 3451 1481 3527 festinns;
1505 3473 1567 3515 non

525 3542 598 3600 rent
619 3534 730 3615 filiurn,
752 3559 792 3601 ex
814 3538 975 3623 sanguine,
992 3545 1026 3602 et
1067 3538 1149 3602 onim
1166 3537 1326 3622 Ωίοοιιοιιιιι
1341 3536 1438 3601 aursi
1452 3538 1566 3622 injicio,

564 3788 580 3834 d
597 3790 695 3847 Codex
709 3790 865 3855 Bobiensis,
881 3792 926 3866 qui
934 3792 1028 3866 patris
1034 3791 1138 3866 finibus
1151 3792 1284 3848 discessit.
1320 3790 1493 3857 casinensis,
1509 3792 1565 3866 qui·

524 3889 582 3945 dem
591 3892 685 3963 patris
691 3888 794 3963 finibus
807 3890 950 3945 descendit.
987 3888 1050 3945 Nos
1065 3908 1101 3946 ex
1116 3888 1273 3963 Epiphanio
1288 3887 1363 3943 hunc
1377 3887 1471 3944 locum
1485 3889 1565 3945 resti·

523 3985 637 4043 tuimus.

565 4095 579 4126 ς
600 4082 772 4147 Cannensis,
790 4101 900 4157 parere.
937 4082 1042 4139 Melior
1061 4082 1115 4139 ulis
1131 4083 1216 4139 lectio
1236 4081 1386 4138 Bobiensis
1403 4081 1518 4147 codicis,
1536 4090 1566 4137 nt

524 4188 601 4255 patet
617 4198 653 4237 ex
668 4180 836 4255 Epiphanio.

663 4316 669 4341 ¹
691 4308 768 4381 [For.
783 4308 973 4380 γεγενημένον,
989 4316 1020 4365 nt
1035 4308 1119 4364 vertit
1132 4308 1271 4382 interpres
1282 4308 1425 4382 Latinus]

737 4405 845 4462 1δοκι).
860 4405 878 4462 i.
894 4405 938 4461 18.
1061 4405 1072 4434 ²
1092 4423 1102 4461 r
1120 4404 1187 4462 Cor.
1202 4406 1248 4463 vii.
1265 4424 1314 4482 35.
