3900 5167
670 435 911 501 RESPONSA
936 435 1004 497 AD
1026 433 1290 499 EPISCOPOS.
1433 432 1501 500 267

449 611 576 680 odium
594 609 639 678 dc
656 609 762 678 corde
779 607 947 690 dimittit;
971 605 1143 696 numquid
1160 603 1398 675 ecclesiastico
1414 603 1501 696 bap·

452 724 560 794 tiemo
589 722 777 794 intercedit
806 745 869 814 pro
899 721 1095 801 homicidis,
1121 727 1183 790 aut
1212 717 1292 788 illos
1315 719 1433 810 justos
1461 727 1498 789 et

451 862 519 909 nos
544 838 739 909 homicidas
764 837 872 907 faciti
911 836 993 906 Hoc
1020 859 1105 929 ergo
1127 845 1166 905 et
1189 835 1233 905 de
1259 833 1429 904 haereticis
1444 832 1500 902 iu·

452 952 604 1046 telligat.

506 1065 692 1136 Geminius
709 1066 872 1136 aFurnis
888 1066 1000 1136 dixit:
1023 1064 1174 1153 Quidam
1187 1064 1229 1134 dc
1241 1060 1375 1158 coliepic
1392 1060 1573 1132 doerccu.
1585 1092 1626 1142 η.

454 1178 540 1248 ticos
565 1201 767 1272 proponere
790 1176 857 1247 uti
880 1187 1037 1272 peccunt,
1057 1176 1155 1249 uobis
1179 1201 1249 1249 noa
1274 1184 1440 1270 possunt:
1469 1183 1500 1244 et

454 1292 532 1363 idco
548 1292 641 1387 quod
654 1291 759 1365 semel
771 1292 991 1376 decrevimus,
1010 1302 1181 1371 tencmuc;
1207 1300 1245 1361 ut
1267 1289 1309 1361 ub
1328 1288 1500 1360 decreticis

453 1409 622 1479 uenientes
637 1406 856 1503 baptizemus.

506 1520 556 1592 Et
579 1523 635 1592 hic
658 1522 849 1592 confitetur
868 1523 1088 1613 apertissime
1105 1522 1274 1614 quosdam
1294 1520 1338 1590 de
1356 1519 1500 1613 collegis

454 1636 527 1706 suis
543 1636 679 1706 diversa
703 1639 870 1707 sensisse:
897 1637 992 1706 unde
1017 1639 1125 1707 etiam
1150 1646 1259 1728 atque
1284 1636 1392 1706 etiam
1418 1657 1501 1704 con·

453 1750 614 1821 firmatur
630 1774 729 1821 amor
749 1752 905 1833 unitatis,
924 1753 1017 1843 quod
1042 1753 1087 1821 ab
1109 1753 1260 1822 invicem
1277 1750 1376 1821 nulio
1393 1749 1501 1820 schis-

453 1875 551 1934 mate
567 1868 716 1957 separati
736 1874 829 1947 sunt,
842 1865 955 1937 donec
972 1866 1092 1937 alteris
1109 1889 1231 1937 eorum
1248 1868 1276 1936 si
1295 1866 1378 1957 quid
1396 1864 1501 1935 aliter

453 1989 617 2072 saperent
635 1980 733 2050 Deus
748 1981 930 2051 revelaret.
984 1980 1056 2052 Sed
1073 1981 1156 2051 huic
1172 1981 1414 2072 respondetur,
1427 1978 1499 2049 coi·

453 2094 551 2187 legas
575 2096 651 2187 ejus
677 2095 836 2166 nonsibi
859 2096 1040 2165 haereticos
1063 2097 1310 2187 praeposuisse;
1335 2096 1397 2165 sed
1413 2094 1500 2187 bap-

453 2209 597 2279 tismum
615 2209 759 2291 Christi,
779 2211 872 2280 sicut
895 2210 1097 2303 agnoscitur
1121 2212 1158 2279 in
1183 2211 1305 2293 avaris,
1322 2209 1500 2280 fraudato-

450 2323 559 2405 ribus,
585 2324 792 2415 raptoribus,
818 2325 1014 2409 homicidis,
1039 2327 1090 2396 sic
1119 2326 1227 2396 etiam
1257 2327 1294 2395 in
1323 2324 1501 2396 baereticis

452 2440 667 2532 cognovisse.

503 2552 722 2646 Rogatianus
734 2576 757 2624 a
768 2554 873 2625 Nova
886 2555 1001 2624 dixit:
1018 2552 1208 2625 &chaam
1223 2551 1383 2628 Christus
1400 2553 1622 2639 insti-cmo„

453 2666 530 2748 tuit,
546 2664 707 2737 hoerccim
724 2666 900 2738 diabolus:
927 2668 1094 2763 quomodo
1110 2677 1221 2763 potest
1237 2666 1359 2739 hubae
1374 2666 1500 2761 baptis-

452 2804 545 2851 mum
564 2778 701 2854 Christi
715 2804 889 2879 cynopopu
904 2783 1068 2854 samam?

503 2895 600 2966 Huic
630 2896 881 2988 respondetur:
908 2897 1095 2990 Numquid
1124 2900 1208 2990 quia
1237 2900 1313 2992 pios
1339 2898 1500 2969 Christus

451 3011 617 3092 instituit
635 3018 673 3081 et
690 3012 828 3082 invidos
846 3012 1015 3094 diabolus,
1033 3014 1113 3084 ideo
1137 3037 1207 3084 non
1230 3023 1348 3106 potest
1368 3013 1499 3085 habere

451 3125 668 3217 baptismum
685 3125 828 3208 Christi,
849 3150 930 3218 quae
958 3128 995 3196 in
1022 3129 1149 3199 invidis
1176 3130 1396 3200 convincitur
1423 3150 1499 3199 essa

452 3263 532 3332 pars
550 3239 704 3310 diaboli?

503 3351 701 3446 Therapius
718 3378 740 3425 a
756 3354 863 3425 Bulla
880 3355 992 3425 dixit:
1020 3354 1092 3443 Qui
1108 3354 1278 3427 hareticis
1295 3354 1497 3449 baptismum
1506 3375 1571 3424 cn.
1584 3386 1623 3438 ις.

452 3465 619 3569 Ecclesioe
635 3468 795 3552 aceedit,
813 3478 845 3539 et
866 3467 997 3562 prodit,
1016 3467 1102 3564 qaid
1119 3467 1219 3539 atiud
1240 3492 1342 3562 quum
1363 3491 1499 3562 spmuoe

454 3570 590 3653 Christi
601 3579 717 3653 ‚Iudas
734 3583 901 3653 euantii?

503 3694 536 3767 Ο
554 3718 682 3790 magna
699 3699 872 3768 convictio
897 3698 1209 3782 schismaticorum,
1228 3701 1288 3791 qui
1310 3721 1348 3770 se
1369 3699 1414 3770 ab
1435 3698 1499 3770 he-

452 3809 603 3880 reditate
629 3810 760 3881 Christi
788 3822 866 3882 toto
893 3813 978 3885 orbe
1005 3813 1131 3884 diffusa
1154 3815 1288 3884 nefario
1316 3815 1497 3909 sacrilegio

451 3933 666 4014 separarunt,
681 3926 709 3994 si
727 3925 921 4018 Cyprianus
937 3926 1068 3996 talibus
1085 3927 1368 3998 communicabat
1384 3927 1498 4019 qualis

450 4036 572 4109 Judas·
591 4041 738 4110 traditor
767 4041 846 4121 fuit,
872 4051 910 4110 et
939 4049 1060 4111 tamen
1088 4042 1133 4111 ab
1163 4044 1213 4112 cis
1243 4066 1313 4112 non
1343 4042 1498 4114 macula-

450 4153 575 4223 batur:
614 4162 677 4224 aut
706 4154 734 4225 si
767 4154 1020 4237 maculabatur,
1052 4164 1138 4225 tunc
1168 4155 1272 4227 Judae
1301 4156 1384 4226 facti
1415 4167 1498 4227 sunt

451 4292 594 4351 omnes;
620 4291 703 4362 crgo
720 4281 758 4341 et
775 4252 880 4341 modo
896 4270 1000 4341 Judae
1017 4280 1101 4339 sunt
1124 4292 1264 4341 omnes:
1292 4280 1354 4345 aut
1377 4272 1405 4342 si
1426 4295 1499 4346 nou

926 4405 949 4444 n
966 4404 998 4446 m
1015 4402 1033 4447 2
