3900 5167
448 455 513 518 108
679 449 931 518 ARCHELAI
955 450 1019 513 ET
1044 448 1264 513 MANETIS

500 626 692 699 XXVIII.
712 626 849 696 Munus
862 622 1390 717 n1x1u,Tuimetipeiusindicio
1403 644 1500 694 com·

450 743 642 837 prehensus
658 764 706 813 ee.
751 739 843 811 Haec
860 739 954 811 cuim
972 740 1159 810 adversum
1174 747 1213 809 te
1229 737 1381 818 Iocutus,
1400 738 1498 832 igno-

450 882 517 945 tus,
529 860 613 951 quia
626 857 711 927 dum
728 857 763 926 in
778 877 836 926 me
849 856 902 926 vis
915 854 1042 947 probra
1054 855 1236 948 conjicere,
1249 855 1376 948 mojori
1385 853 1497 947 culpe

449 974 659 1045 succumbis
709 971 780 1043 Dic
804 993 870 1065 ugo
894 969 994 1063 mihi,
1013 972 1053 1053 ei,
1077 979 1118 1041 ut
1143 972 1205 1055 cio,
1227 971 1288 1064 qui
1309 994 1333 1042 a
1348 970 1496 1042 'libonio

449 1112 560 1182 usque
587 1088 632 1160 cd
654 1087 811 1158 Probum
837 1085 996 1157 defuncti
1021 1095 1116 1168 sunt,
1144 1087 1263 1158 dicent
1286 1087 1334 1158 od
1358 1085 1496 1168 Iesum,

448 1205 522 1276 noli
547 1225 611 1274 uos
629 1204 802 1295 judicare,
818 1202 903 1293 quio
926 1223 1034 1295 opere
1057 1210 1121 1273 tua
1145 1225 1216 1272 non
1241 1202 1404 1285 fecimus,
1427 1223 1495 1271 non

450 1320 546 1390 enim
572 1319 698 1388 misisti
723 1318 825 1389 nobis
842 1316 1067 1397 Poruclitum‚
1084 1319 1182 1388 ‘cum
1198 1317 1330 1388 dixeris
1353 1325 1393 1389 te
1415 1317 1497 1388 mie

450 1454 592 1516 surum3
628 1454 700 1502 non
733 1430 848 1502 multo
881 1433 994 1526 mugio
1027 1430 1079 1502 illi
1112 1431 1187 1503 haec
1220 1431 1352 1516 dicent,
1380 1432 1443 1523 qui
1475 1453 1497 1501 o

452 1547 580 1643 Moyse
603 1571 715 1641 usque
738 1549 782 1617 ad
811 1548 1005 1618 adventum
1026 1548 1135 1640 ipsius
1154 1546 1243 1619 Jceu
1268 1546 1403 1619 Christi
1425 1547 1497 1616 vito

450 1672 688 1745 excesserunt,
708 1672 766 1734 ¹co
784 1671 822 1734 et
845 1665 975 1735 rectius
1002 1665 1131 1746 dicent,
1151 1663 1243 1734 unoli
1270 1685 1334 1735 uos
1357 1662 1497 1734 trudere

449 1782 648 1864 tormentis,
665 1782 832 1873 quoniam
857 1780 1075 1874 agnitionem
1098 1781 1150 1850 tui
1176 1802 1247 1849 non
1271 1778 1496 1872 occepimus?

450 1894 499 1966 Et
523 1918 593 1965 non
616 1895 730 1965 colum
755 1895 804 1978 bi,
816 1895 881 1987 qui
899 1904 984 1966 oute
1001 1896 1109 1988 ipsius
1128 1897 1322 1966 adveutum
1338 1896 1495 1966 decesse-

449 2018 543 2093 runt,
555 2011 637 2102 jure
656 2009 731 2080 haec
747 2009 899 2105 ellegose
917 2011 1153 2082 videbuntur?
1179 2033 1301 2081 verum
1318 2011 1430 2081 etiem
1447 2007 1495 2080 illi

450 2126 511 2217 qui
541 2127 587 2197 cb
613 2126 732 2196 Adam
762 2149 873 2219 usque
902 2126 947 2196 od
976 2127 1170 2198 adventum
1195 2126 1284 2198 Jeeu
1309 2125 1495 2197 obierunt?

451 2239 584 2333 Neque
602 2240 768 2312 Peracliti
792 2243 888 2312 euim
915 2243 1099 2313 scientiam
1120 2243 1300 2313 consecuti
1325 2253 1422 2326 sumt,
1438 2264 1496 2312 ue·

450 2380 520 2449 que
547 2357 636 2428 Jesu
664 2357 825 2428 doctrino
854 2358 982 2428 eruditi
1013 2367 1106 2429 sunt.
1156 2357 1254 2429 ¹Sed
1284 2356 1353 2428 hoc
1382 2357 1495 2430 solum

449 2471 619 2542 ultimum
636 2495 749 2565 genus
771 2472 965 2555 hominum,
983 2482 1025 2544 ut
1045 2474 1106 2555 uis,
1123 2474 1218 2566 quod
1235 2495 1257 2543 a
1272 2471 1416 2543 Tiberio
1432 2482 1494 2557 cot

450 2584 649 2667 salventur;
674 2586 750 2677 ipse
767 2587 862 2656 enim
876 2584 967 2657 ’Eos
982 2584 1144 2660 Christus
1160 2584 1202 2657 dc
1218 2582 1400 2657 maledicto
1415 2583 1496 2682 locis

448 2698 602 2781 redemit,
620 2702 712 2771 siout
730 2701 862 2772 Paulus
880 2703 1124 2773 testimonium
1141 2702 1252 2786 dedit,
1268 2700 1382 2791 'Quia
1397 2700 1497 2773 litero

450 2968 524 3014 rano,
539 2950 601 3024 quia
620 2950 682 3005 dum
699 2969 740 3005 me
756 2952 798 3006 vie
814 2951 919 3026 probra
933 2952 1074 3025 conjicere,
1086 2953 1185 3025 majori
1198 2953 1282 3030 culpa
1294 2972 1325 3009 ce
1337 2954 1495 3011 accumbit.

450 3046 508 3103 Dic
530 3065 580 3121 oye
602 3047 668 3103 miti
687 3049 801 3117 studius,
817 3068 869 3123 quc
884 3046 992 3105 Tiberio
1010 3067 1093 3123 usque
1109 3050 1146 3105 ud
1157 3045 1278 3106 Probum
1292 3049 1415 3124 defuncti
1426 3059 1495 3114 cut.

452 3143 540 3200 dicent
561 3145 598 3199 cd
608 3144 714 3211 Jesum,
735 3146 818 3202 nolite
840 3165 889 3203 noo
902 3148 1040 3218 judicare.
1083 3146 1147 3202 Noe
1168 3154 1213 3204 tot
1235 3147 1347 3214 menda,
1362 3156 1496 3223 quantum

451 3255 502 3315 per
515 3244 693 3317 conjecturas
707 3243 794 3309 licuit,
809 3244 973 3319 abstergere
986 3244 1081 3301 conati
1095 3263 1200 3301 sumus.

493 3336 505 3379 i
519 3338 655 3404 Verbum,
665 3340 820 3405 missurum,
830 3349 928 3398 nostra
941 3350 985 3398 eet
999 3341 1115 3407 additio,
1125 3361 1189 3399 cum
1203 3341 1232 3398 in
1244 3342 1393 3400 Cosinensi
1407 3343 1495 3409 deeit3

451 3440 480 3491 et
498 3452 566 3492 eune
580 3454 679 3492 vocem
700 3437 786 3504 illam,
801 3437 847 3493 vel
870 3438 937 3511 quid
961 3438 1052 3495 simile
1074 3438 1113 3495 ibi
1137 3439 1257 3496 deficere
1281 3439 1342 3513 ipsa
1362 3439 1497 3498 orationis

452 3531 539 3588 serIes
552 3532 686 3589 ostendit.

494 3638 510 3668 ¹¹
525 3630 558 3684 In
574 3628 721 3685 casinensi
736 3638 788 3695 est,
800 3631 856 3686 noli
869 3639 963 3686 nostra
979 3632 1011 3687 de
1024 3633 1172 3697 tormentis,
1188 3632 1265 3689 nullo
1280 3652 1373 3698 censu,
1388 3634 1452 3700 nisi,
1467 3642 1497 3691 ut

452 3724 558 3782 editum
573 3735 625 3790 cst,
640 3727 806 3801 corrigatur.

494 3837 507 3866 ¹
523 3824 558 3880 ln
572 3825 669 3881 codice
684 3823 833 3882 casinensi
848 3826 887 3883 sic
902 3826 1018 3901 legitur,
1033 3826 1090 3883 Sed
1107 3828 1157 3884 hoc
1173 3828 1258 3885 solum
1276 3828 1400 3886 eleimon
1416 3847 1498 3905 qenes

451 3920 593 3985 domiuum,
608 3930 638 3978 ut
652 3941 707 3985 eus,
721 3924 793 3997 quod
807 3941 823 3978 c
839 3923 946 3979 Tiberio
965 3932 1015 3989 est,
1030 3924 1176 3982 solventur.
1217 3925 1281 3981 Nos
1302 3933 1398 3982 autem
1413 3926 1497 3984 verba

450 4016 508 4084 illu,
522 4025 551 4072 ut
565 4037 618 4083 ecs,
634 4018 811 4092 interpretati
834 4038 930 4076 sumus
949 4029 980 4076 ut
999 4021 1048 4084 uis,
1063 4022 1193 4096 exemplo
1215 4022 1330 4078 alterius
1351 4022 1408 4079 loci
1426 4023 1497 4080 infru

452 4132 513 4188 cop.
529 4132 576 4188 30.
598 4116 645 4172 ubi
668 4124 696 4172 ut
718 4135 758 4180 ac,
773 4135 825 4191 pro
839 4126 869 4174 ut
882 4119 933 4182 uic,
949 4118 1003 4184 vel,
1019 4128 1050 4175 ut
1067 4122 1206 4183 asseruit
1225 4118 1340 4176 librando
1360 4120 1497 4196 scriptum

451 4209 547 4276 fuisse,
564 4231 648 4270 sensu
661 4213 723 4287 ipso
737 4226 880 4288 poscente,
892 4216 1071 4290 conjecimue

452 4359 460 4382 ¹
479 4355 558 4428 [For.
574 4358 765 4432 reponendum
781 4369 825 4416 est
838 4362 885 4434 ei]
959 4366 967 4389 ¹
984 4362 1047 4417 Gul.
1062 4362 1097 4417 iii.
1119 4380 1161 4435 ¹3·
1229 4367 1237 4398 ⁵
1253 4380 1269 4418 2
1286 4361 1354 4419 Cor.
1370 4362 1408 4419 iii.
1425 4363 1452 4428 6,
1470 4381 1495 4437 7.
