3900 5167
777 448 1087 513 DlSPUTATIO.
1390 444 1453 507 123

422 625 467 707 is,
485 622 693 694 mendacem
711 643 787 692 esse
804 621 924 692 dixisti
937 618 961 690 J
963 642 1073 691 esum.
1100 616 1323 689 Aneanmos
1340 636 1456 697 nram,

422 736 590 808 lonfitere
606 738 730 829 primo,
748 738 831 829 quia
846 758 930 807 vera
947 737 994 806 sit
1011 736 1100 805 ratio
1118 756 1251 815 eornm,
1268 755 1345 824 quae
1363 752 1456 800 nunc

422 853 634 936 idduximus,
650 862 687 922 et
705 862 791 921 tunc
809 852 994 922 ostendam
1011 849 1077 920 tibi
1095 856 1231 940 patrem
1249 849 1335 938 ejus.
1372 844 1458 913 Mn·

422 986 481 1037 m
494 987 609 1048 n1x1r,
624 965 663 1036 Si
680 966 767 1037 mihi
785 966 980 1037 ostenderis
995 974 1133 1058 patrem
1146 964 1222 1056 ejus
1238 962 1457 1042 mendacem,

422 1080 546 1151 stDeo
571 1079 697 1151 horum
722 1080 810 1150 nihil
836 1081 1068 1172 adscripseris,
1086 1087 1172 1149 tunc
1190 1077 1254 1147 tibi
1279 1075 1324 1145 de
1344 1076 1458 1145 omni-

422 1216 476 1266 ›ua
492 1194 817 1265 accommodabitur
833 1194 933 1264 fides.
969 1191 1199 1263 Attenuatum
1216 1210 1331 1271 nrm,
1349 1188 1457 1260 Omni

422 1308 546 1378 atione
570 1309 615 1378 de
639 1306 792 1378 Diabolo
818 1307 1009 1400 diligenter
1034 1308 1205 1398 exposita,
1219 1312 1260 1380 ,et
1281 1305 1458 1395 dispensa·

422 1422 507 1491 ione
537 1421 683 1515 prolata,
719 1422 811 1491 sicut
841 1422 1025 1491 hominum
1057 1422 1153 1513 viget
1187 1439 1317 1498 sensus,
1348 1418 1456 1488 etiam

422 1536 502 1628 ipnd
530 1536 684 1627 seipsum
712 1544 831 1627 potest
859 1535 1048 1628 diligenter
1072 1536 1265 1617 advertere,
1286 1534 1364 1624 quis
1389 1533 1456 1603 iste

422 1651 466 1734 it,
482 1652 543 1741 qui
561 1649 704 1721 Diaboli
721 1650 920 1743 appellatus
937 1660 992 1721 est
1010 1660 1121 1742 pater.
1172 1648 1243 1718 Sed
1262 1671 1341 1718 cum
1362 1657 1399 1718 te
1416 1658 1457 1718 tu

422 1763 625 1835 mentitum
651 1786 726 1835 esse
751 1765 858 1847 dicas,
879 1764 1070 1856 plurimum
1097 1764 1162 1834 tibi
1188 1765 1296 1852 etiarn
1322 1763 1367 1833 ab
1393 1761 1458 1831 hu-

422 1901 513 1949 nana
547 1879 646 1949 deest
679 1880 878 1972 prudentia.
944 1880 1121 1963 Quoniam
1155 1901 1239 1972 ergo
1273 1878 1456 1970 prodidisti

422 1995 643 2087 gnorantiam
673 2002 784 2077 tuam,
814 1994 929 2064 dicam
960 2017 1028 2088 ego
1059 1994 1164 2087 cquid
1193 1993 1255 2063 ille
1284 1993 1330 2063 sit
1357 1999 1458 2084 pater

422 2103 565 2175 )iaboli.
617 2102 755 2175 Minas
778 2122 885 2176 nrxrr
901 2101 933 2175 d.
952 2160 960 2176 .
981 2159 989 2174 .
1007 2160 1015 2176 .
1034 2109 1134 2178 dico:
1161 2117 1198 2178 et
1220 2108 1360 2199 adjecit,
1381 2129 1457 2176 om·

422 2219 463 2289 ria
494 2220 553 2310 qui
586 2220 747 2289 conditor
776 2230 842 2303 est,
870 2221 926 2290 vel
956 2231 1095 2292 creator
1122 2221 1328 2314 aliquorum,
1356 2231 1457 2313 pater

422 2355 533 2404 >orum
551 2385 559 2400 .
580 2384 589 2402 .
608 2386 617 2402 .
637 2383 645 2400 .
663 2334 870 2416 condiderit,
888 2335 1096 2427 appellatur.
1149 2335 1376 2407 Ancnnnsns
1400 2355 1457 2405 nr-

422 2467 484 2530 (rr,
497 2445 612 2516 Miror
625 2448 802 2538 quomodo
819 2447 945 2518 saltem
964 2450 1032 2519 hoc
1046 2460 1142 2521 recta
1160 2451 1295 2520 ratione
1313 2471 1455 2541 respon·

422 2563 510 2643 ieris,
529 2585 594 2633 nec
612 2561 779 2633 celaveris
796 2550 966 2634 sermonis
984 2563 1088 2655 hujus
1104 2563 1386 2657 intelligentiam,
1399 2562 1455 2634 vel

422 2687 582 2748 laturam.
634 2675 732 2747 Audi
759 2679 835 2768 jam
866 2700 912 2747 ex
942 2677 1021 2760 hoc,
1052 2679 1129 2769 quis
1161 2678 1206 2747 sit
1240 2687 1341 2771 pater
1369 2679 1454 2770 ejus.

422 2792 566 2863 lumen
584 2792 747 2863 caelorum
765 2813 874 2884 regno
897 2793 1091 2874 cecidisset,
1110 2801 1186 2863 erat
1209 2815 1314 2884 super
1336 2800 1454 2872 terras,

423 2906 610 2988 mendene,
643 2914 681 2976 et
715 2904 895 2995 inquirens
929 2907 986 2975 cui
1027 2907 1064 2975 s'e
1103 2915 1220 2997 posset
1253 2905 1457 2998 adjungere,

422 3042 517 3112 prem
545 3043 590 3089 ex
619 3020 794 3090 consortio
819 3020 872 3090 sui
898 3020 1106 3112 participem
1131 3042 1271 3111 quoque
1291 3020 1456 3111 nequitiae

422 3156 485 3202 nrae
506 3131 640 3203 valeret
666 3131 816 3202 efficere.
867 3131 916 3201 Et
943 3119 1088 3223 quidem
1116 3132 1228 3202 donec
1253 3130 1359 3201 homo
1384 3153 1457 3200 non

422 3255 496 3329 irat,
521 3269 636 3337 neque
663 3244 725 3316 ille
751 3244 995 3339 appellabatur
1019 3246 1207 3332 homicida,
1233 3267 1348 3336 neque
1374 3266 1456 3317 cum

422 3474 443 3532 ii
456 3493 475 3531 a
487 3473 551 3530 Deo
565 3473 627 3529 sola
643 3481 812 3547 promanant
830 3473 915 3537 bona,
929 3472 1045 3547 ipseque
1066 3492 1175 3530 summe
1195 3474 1287 3531 bonus
1307 3481 1361 3539 est,
1375 3491 1455 3530 men·

422 3569 509 3627 lacem
535 3577 647 3643 oportet
668 3568 754 3625 luisse
775 3568 883 3633 lesam,
906 3568 951 3642 qui
976 3568 1006 3623 in
1024 3568 1143 3625 Joannia
1163 3568 1329 3644 Evangelio,
1344 3567 1457 3625 Diaboli

422 3674 520 3723 tabem
535 3684 593 3721 non
611 3664 697 3721 modo
716 3664 883 3721 mendacem
897 3681 969 3732 esse,
985 3663 1035 3721 aed
1049 3673 1078 3722 et
1091 3666 1235 3722 mendacis
1250 3666 1364 3723 Diaboli
1377 3684 1455 3723 crea·

423 3778 503 3818 orem
517 3760 646 3818 extitisse
659 3760 736 3816 dicit
778 3760 855 3816 Hinc
874 3768 968 3817 autem
989 3768 1069 3834 patet
1088 3779 1146 3818 non
1166 3761 1380 3837 improbandam
1394 3780 1457 3819 ease

422 3855 639 3913 emendationem
660 3864 797 3923 nostram,
813 3874 869 3932 qua
881 3855 1014 3930 legimus,
1029 3856 1063 3915 Si
1081 3859 1173 3915 oDeo
1192 3858 1283 3924 bom
1296 3866 1327 3915 at
1345 3861 1455 3923 macria,

422 3952 559 4008 madorem
573 3970 630 4008 ease
643 3953 738 4010 dixisti
747 3952 851 4010 Jeaam.
875 3951 989 4024 (Malim
1003 3972 1148 4028 reponere,
1158 3954 1192 4012 si
1205 3954 1291 4012 oDeo
1299 3954 1455 4026 Diabolus.)

451 4056 465 4088 θ
479 4047 574 4112 Forte,
590 4050 650 4122 quia
664 4049 711 4105 ille
723 4051 769 4105 ait.

451 4140 603 4200 dLacunae
628 4145 688 4201 istae
713 4144 794 4202 facilc
818 4145 926 4219 impleri
951 4164 1035 4220 posse
1050 4146 1188 4211 videntur,
1210 4146 1233 4201 ai
1256 4147 1295 4202 ita
1316 4146 1454 4222 legamus.

422 4236 510 4294 Mones
532 4239 612 4304 diris,
627 4240 691 4297 Jom
714 4242 791 4296 dico:
814 4250 840 4296 et
865 4242 973 4314 affecit,
996 4243 1090 4307 omnis,
1106 4248 1152 4305 dc.
1172 4249 1255 4316 pater
1277 4261 1376 4308 comm,
1400 4261 1457 4318 quc

422 4335 571 4401 condiderit,
586 4337 749 4411 appellatur.

908 4452 928 4493 B
943 4450 960 4497 2
