3900 5167
536 454 599 517 112
764 449 1018 515 ARCHELAI
1037 449 1107 515 ΕΤ
1131 450 1355 517 MANETIS

536 628 674 697 Manus
707 644 822 705 mxrr,
852 624 951 695 Deus
985 647 1069 719 ergo
1095 647 1174 697 eam
1204 625 1301 696 ieoit.
1353 624 1574 699 Anonmnus

535 764 649 825 nrxrr,
672 741 928 834 Nequaquam
954 740 1067 824 obsit3
1094 739 1206 812 Ἥρω
1226 742 1318 813 onim
1344 750 1490 814 mortem
1515 765 1576 814 aon

523 857 625 953 serit,
659 880 720 928 neo
753 855 889 927 dotatur
921 857 960 926 io
997 854 1194 950 perditione
1225 856 1394 930 virosam.
1447 858 1579 929 Manus

535 992 651 1056 nrxrr,
670 971 769 1042 Deus
791 994 870 1042 eam
896 995 967 1042 non
993 972 1088 1054 feeit,
1105 971 1201 1043 faeta
1223 979 1345 1042 tamen
1368 980 1436 1055 est,
1453 981 1498 1043 nt
1512 974 1580 1053 ais;

535 1111 557 1158 a
581 1110 651 1179 quo
672 1087 848 1177 aooeperit
874 1087 1070 1178 imperium,
1089 1086 1145 1157 rel
1167 1109 1190 1156 a
1211 1108 1282 1178 quo
1303 1093 1426 1157 creata
1449 1087 1508 1168 sit,
1532 1086 1582 1156 di·

535 1203 617 1273 oito.
669 1200 896 1273 Anonmsus
922 1222 1036 1283 mxm,
1065 1200 1105 1272 Si
1135 1202 1202 1273 hoo
1230 1200 1436 1294 plenissime
1468 1212 1583 1274 osten·

535 1317 628 1398 dero,
656 1317 749 1409 quod
776 1316 1008 1387 substantiam
1038 1318 1204 1411 ingenitos
1228 1327 1368 1388 noturae
1396 1339 1495 1389 mors
1523 1318 1584 1388 ba·

534 1432 618 1503 bers
635 1455 704 1502 non
723 1433 842 1524 possit,
857 1455 973 1503 nonne
990 1433 1212 1504 confiteberis
1229 1455 1341 1503 unum
1355 1430 1479 1504 Deum
1496 1456 1582 1514 eme,

534 1558 572 1618 et
595 1548 689 1618 huno
716 1548 940 1640 ingenitum?
966 1548 1104 1619 Manus
1131 1568 1245 1629 mxm,
1270 1546 1445 1640 Loquere,
1473 1548 1585 1619 subti-

534 1663 615 1734 liter
632 1665 727 1734 enim
748 1664 800 1734 vis
826 1659 993 1734 ddisoere.
1044 1661 1268 1735 Aacnmsus
1292 1683 1410 1746 mm,
1430 1664 1527 1749 Quia
1542 1674 1582 1735 tu

534 1776 642 1846 verba
657 1775 719 1845 illa
735 1776 785 1846 ita
810 1776 998 1868 protulisti,
1016 1784 1183 1867 tanquam
1207 1776 1272 1846 tibi
1297 1774 1514 1868 proficerent
1537 1775 1582 1846 ad

534 1893 770 1961 ostensionem
786 1892 956 1985 ingenitae
972 1893 1118 1976 radiois3
1144 1891 1322 1962 sufficiunt
1340 1899 1462 1961 tamam
1481 1891 1583 1961 uobis

533 2014 571 2075 et
588 2028 639 2088 ea,
657 2028 737 2097 quae
762 2030 866 2098 supra
883 2015 1034 2078 tractata
1056 2015 1148 2089 sunt,
1168 2006 1351 2098 inquibus
1376 2006 1583 2098 plenissime

534 2120 762 2203 ostendimus,
785 2120 1000 2213 impossibile
1025 2144 1100 2192 esse
1124 2123 1273 2192 duarum
1299 2128 1510 2193 naturarum
1531 2122 1584 2192 in·

532 2238 733 2330 genitarum
751 2239 903 2308 existere
919 2260 1021 2329 posse
1038 2238 1262 2309 substantias.

585 2351 715 2421 XXX.
740 2349 764 2421 J
767 2372 897 2423 umcss
914 2372 1119 2435 nrxanon'r,
1138 2352 1207 2423 Dio
1224 2353 1269 2423 ad
1291 2374 1443 2445 eaquae
1467 2376 1583 2447 nuper

533 2468 727 2559 proposuit,
746 2466 934 2537 Archelae.
984 2468 1211 2540 Ancnmaus
1235 2487 1357 2551 mm,
1378 2468 1581 2562 Principem

533 2584 668 2664 mundi,
686 2593 724 2653 et
749 2583 954 2676 malignum,
973 2593 1011 2654 et
1037 2585 1208 2667 tenebras,
1226 2594 1264 2654 et
1288 2593 1443 2654 mortem
1468 2607 1581 2656 unum

534 2699 757 2790 eundemque
780 2721 856 2768 esse
876 2699 972 2780 dicit,
991 2698 1178 2792 legemque
1203 2699 1248 2769 ab
1265 2721 1308 2769 eo
1326 2699 1459 2782 datam,
1476 2723 1581 2794 prop·

533 2824 589 2886 ter
614 2814 691 2896 hoo,
708 2814 802 2906 quod
832 2815 1001 2906 scriptum
1025 2822 1090 2895 est,
1108 2811 1365 2884 ‘Missurum
1391 2815 1527 2901 mortis,
1543 2825 1580 2886 et

534 2932 775 3023 reliquaque
801 2932 941 3022 objecit.
993 2930 1180 3013 Quoniam,
1201 2932 1378 3022 einquam,
1404 2933 1498 3002 siout
1524 2955 1581 3002 su-

533 3047 651 3138 perius
668 3046 831 3127 diximus,
849 3045 1023 3114 malorum
1048 3046 1230 3115 memoriae
1255 3043 1314 3115 lex
1336 3067 1406 3114 non
1432 3046 1581 3139 diligen·

535 3169 590 3231 ter
615 3160 784 3242 haerobat,
806 3162 937 3252 scripta
962 3160 1169 3230 naturaliter
1193 3162 1230 3229 in
1256 3160 1419 3231 cordibus
1436 3184 1579 3241 eomm3

534 3298 649 3365 neque
675 3276 768 3367 apud
794 3276 947 3345 seniores
972 3285 1048 3345 erat
1071 3276 1155 3346 satis
1180 3274 1280 3344 firma
1306 3274 1459 3358 traditio,
1482 3273 1576 3347 ‘oum

534 3392 585 3460 eis
614 3390 757 3460 inimica
783 3412 921 3482 semper
948 3391 1126 3460 memoriae
1153 3389 1346 3460 inhaesisset
1372 3389 1517 3475 oblivio,
1542 3404 1577 3461 et

534 3505 638 3577 aliter
658 3507 736 3598 quis
761 3507 921 3576 eruditur
949 3529 970 3576 a
996 3510 1173 3600 magistro,
1199 3505 1302 3577 aliter
1327 3529 1348 3575 a
1378 3508 1577 3600 semetipso,

534 3623 762 3715 perveniebat
780 3622 882 3692 faoile
906 3621 993 3716 legis
1011 3621 1218 3692 naturaliter
1234 3623 1370 3714 soriptse
1388 3631 1576 3716 transgres-

535 3739 597 3820 sio,
614 3747 651 3809 ot
672 3761 717 3808 ex
742 3739 1030 3830 praevarioatione
1055 3739 1300 3808 mandatorum
1318 3760 1468 3831 regnum
1487 3761 1576 3809 mors

534 3856 571 3923 in
597 3854 797 3924 hominibus
823 3854 1026 3937 obtinebat3
1053 3853 1295 3944 hujuscemodi
1321 3862 1375 3922 est
1397 3854 1494 3923 enim
1519 3876 1577 3947 ge·

576 3996 591 4040 ‘¹
606 4001 748 4065 Fortasse,
763 4002 861 4057 dicere.
1010 4011 1022 4041 θ
1037 4000 1071 4057 Io
1086 4001 1182 4056 codice
1197 4001 1344 4057 Casinensi
1355 4001 1437 4064 male,
1452 4003 1577 4077 iniquos.

538 4097 755 4171 (Reponendum
770 4098 880 4154 videtur
894 4100 999 4173 iniquo.
1031 4097 1137 4154 Confer
1151 4098 1294 4171 superiora
1307 4115 1371 4172 pag.
1389 4116 1452 4154 110.
1467 4099 1485 4155 l.
1498 4101 1538 4169 3.)

577 4191 589 4233 f
607 4193 652 4249 lta
666 4194 824 4250 necessario
839 4194 1015 4249 emendanda
1029 4195 1089 4250 visa
1107 4201 1151 4251 est
1169 4194 1294 4267 ejusdem
1314 4194 1418 4250 codicis
1439 4195 1533 4260 lectio,
1550 4196 1577 4251 in

537 4308 592 4361 quo
606 4290 746 4355 scribitur,
759 4309 817 4345 cum
831 4309 877 4345 eos
891 4291 999 4347 inimico
1013 4310 1116 4365 semper
1127 4291 1259 4347 memorio
1272 4292 1384 4347 iteretis
1397 4294 1446 4349 sed
1459 4293 1564 4351 obliuio.

658 4407 665 4431 ¹
681 4401 749 4476 Sap.
765 4402 783 4458 i.
800 4420 844 4475 ¹3·
1007 4408 1016 4432 ¹
1034 4403 1126 4459 Galat.
1142 4402 1180 4458 iii.
1196 4420 1239 4475 13.
1264 4422 1278 4459 a
1295 4402 1360 4460 Cor.
1376 4404 1416 4461 iii.
1434 4421 1460 4477 7.
