3900 5167
591 442 835 504 RESPONSA
860 442 927 504 ΑΙ)
950 441 1215 506 EPISCOPOS.
1358 445 1419 510 271

424 611 612 695 Quomodo
630 622 749 704 potest
769 620 807 683 et
830 615 866 682 in
890 636 996 683 arcun
1013 614 1082 695 ilia,
1101 615 1161 685 ubi
1179 638 1246 684 nec
1264 614 1424 686 Ecclesia

371 737 441 811 est,
455 728 538 818 quia
555 727 590 796 in
608 737 710 819 petru
726 738 801 807 est:
828 751 893 797 nec
908 726 1007 798 Deus
1020 740 1057 797 et
1070 728 1242 810 Christus,
1255 731 1338 819 quia
1351 752 1422 799 non

372 850 430 913 est
449 842 499 911 ibi
517 842 691 935 templum
710 842 778 913 Dei
797 854 835 913 et
852 842 1008 913 Christi?

426 957 626 1028 Donatulus
643 980 664 1027 a
681 956 795 1049 Cnpse
812 959 922 1027 dixit:
948 955 999 1028 Et
1015 981 1075 1053 epo
1093 981 1224 1052 semper
1240 956 1303 1029 hoc
1318 960 1421 1046 sensi,
1431 985 1544 1049 om„

374 1081 413 1142 ut
434 1069 597 1153 heretici,
615 1075 677 1166 qui
699 1070 900 1164 nikitfoiis
923 1073 1093 1143 consecuti
1115 1081 1204 1153 sont,
1223 1073 1360 1166 quando
1376 1073 1424 1144 ad

372 1184 564 1257 Ecclesiam
581 1195 833 1269 convertuntur,
850 1185 1076 1281 baptizentur.

424 1299 484 1370 Ad
503 1300 570 1372 hoc
587 1303 836 1394 respondetur:
863 1301 964 1371 Nihil
978 1302 1120 1391 quidem
1140 1302 1224 1371 foris
1241 1304 1421 1374 consecuti

373 1415 546 1496 suntsed
571 1417 616 1486 ud
641 1414 804 1497 salutem,
827 1438 896 1485 uon
924 1416 968 1485 ed
996 1423 1266 1487 sacramentnm.
1318 1417 1422 1487 Salus

373 1529 468 1596 enim
494 1531 633 1621 propriu
655 1540 710 1600 est
733 1530 855 1610 bonis:
880 1539 1099 1600 sacramenta
1117 1553 1199 1600 vero
1221 1532 1426 1602 communie

373 1649 412 1709 et
429 1641 530 1712 bonis
546 1653 584 1713 et
600 1643 712 1713 mulis.

425 1753 583 1826 Venulus
605 1780 626 1826 a
648 1759 844 1827 Rusiccade
866 1758 976 1828 dixit:
1005 1756 1120 1826 Homo
1137 1754 1317 1829 hereticis
1339 1758 1545 1843 derectum.

373 1890 443 1937 non
453 1878 566 1962 potest
583 1869 674 1964 quod
689 1894 758 1942 non
774 1870 892 1942 dohet:
921 1869 1026 1941 mutto
1048 1871 1158 1966 mopis
1174 1868 1423 1955 schismaticus,

373 1981 435 2074 qui
452 1983 544 2076 quod
558 1982 677 2055 tatuit
693 1988 820 2056 amisit.

423 2096 506 2167 Jam
524 2102 741 2171 ostendimus
764 2123 824 2170 eos
850 2100 999 2182 habcrc;
1027 2101 1110 2191 quin
1140 2121 1210 2167 non
1241 2100 1422 2180 amittunt,

373 2235 456 2281 cum
481 2214 663 2285 recedunt.
716 2215 798 2285 Non
821 2218 914 2285 enim
942 2215 1127 2306 recipiunt,
1151 2236 1233 2283 cum
1260 2215 1423 2285 redeunt.

374 2324 599 2418 Quapropter
619 2330 647 2423 si
666 2340 853 2421 propterea
870 2329 1080 2397 videbantur
1105 2329 1188 2397 dure
1215 2349 1283 2398 non
1311 2351 1422 2419 posse,

373 2441 457 2531 quis
473 2442 689 2532 putabantur
711 2467 780 2513 non
798 2444 949 2525 hebere:
975 2442 1220 2535 intelliguntur
1238 2442 1313 2532 jem
1339 2443 1423 2512 dure

374 2576 484 2645 posse,
502 2557 585 2646 quin
601 2556 850 2649 intelliguntur
866 2566 903 2625 et
920 2557 1062 2626 habere.
1500 2635 1504 2641 ,

425 2667 667 2740 pudentianus
691 2693 714 2741 c
734 2671 874 2742 Cuiculi
899 2671 1012 2740 dixit:
1037 2668 1183 2739 Novitas
1209 2669 1544 2762 episcopotmcw.

373 2780 492 2878 ffecit,
498 2781 636 2878 fratres
653 2782 878 2867 dilectissimi,
895 2793 934 2854 ut
952 2784 1154 2854 sustinerem
1172 2781 1258 2875 quid
1272 2783 1422 2875 mitiores

361 2894 574 2988 judicarent.
625 2896 718 2967 Nom
734 2896 878 2969 hereses
895 2896 989 2968 sitit
1002 2894 1133 2979 tatere,
1152 2919 1213 2965 nec
1223 2920 1334 2990 posse,
1348 2920 1422 2967 ma-

373 3007 535 3103 nifestum
559 3020 630 3081 cst:
657 3021 757 3105 utque
782 3015 832 3084 ito
857 3015 890 3082 si
915 3014 976 3106 qui
998 3036 1043 3082 ec
1065 3011 1115 3081 eis
1131 3011 1293 3093 venerim,
1312 3009 1423 3105 bapti·

372 3126 453 3193 zo-n'
469 3126 663 3219 (equissimo
678 3136 841 3198 statutum
859 3136 917 3197 est.

424 3237 526 3308 Sicut
552 3262 637 3333 ergo
664 3243 899 3334 superioribus
925 3261 1129 3332 responsum
1155 3247 1220 3317 est,
1247 3261 1336 3330 quos
1362 3239 1420 3309 hic

373 3353 570 3422 sustinebat
586 3355 671 3445 quid
682 3356 894 3447 judicarent,
908 3356 957 3425 sic
975 3364 1013 3425 et
1029 3353 1112 3423 huic
1130 3354 1195 3444 ipsi
1214 3374 1420 3442 responsum

373 3490 450 3538 esse
466 3468 696 3561 intelligutur.
1187 3474 1191 3479 ’

418 3581 545 3651 Petrus
574 3584 620 3653 ub
647 3582 815 3675 Hippone
843 3584 1023 3653 Diarrhito
1054 3581 1164 3651 dixit:
1193 3577 1280 3652 Cum
1312 3600 1419 3647 onum
1428 3604 1493 3654 cn.
1501 3603 1542 3667 ³⁶·

373 3692 541 3788 baptismo
556 3694 603 3763 sit
619 3695 657 3764 im
674 3693 840 3767 catholica
856 3694 1022 3779 Ecclesia,
1040 3692 1260 3788 manifestum
1278 3698 1420 3772 estnon

370 3832 470 3902 posse
495 3819 595 3880 estro
614 3808 804 3880 Eccksim
834 3809 1029 3904 baptizari:
1062 3819 1093 3880 et
1123 3807 1200 3878 ideo
1229 3807 1268 3875 ic
1295 3803 1420 3876 hoeresi

374 3925 506 4005 tinctos,
524 3926 594 3993 sice
614 3926 652 3994 in
669 3923 859 4008 schismate,
876 3927 1043 3997 venientes
1065 3924 1112 3994 ud
1127 3919 1327 3999 Ecclesiam,
1345 3944 1420 3990 cen-

373 4061 428 4106 seo
445 4035 618 4131 baptizari
635 4048 796 4130 (periere.

373 4261 425 4299 unu
439 4242 514 4316 opud
529 4240 702 4316 cyprianum
718 4242 786 4298 mihi
801 4242 878 4315 prius
892 4250 1041 4298 suaserunt
1056 4241 1234 4315 Augustinus
1245 4252 1274 4300 et
1285 4244 1421 4320 Cypriani

374 4337 474 4410 quibus
488 4355 555 4393 usus
570 4355 631 4391 sum
647 4335 774 4407 Mssti.)
