3900 5167
826 462 1137 526 DISPUTATIO.
1442 460 1506 522 155

458 641 557 704 tere·
579 632 696 727 tfiguli
722 656 822 726 opus,
847 645 911 705 aut
935 657 992 705 ars
1018 633 1179 705 fictilium
1207 655 1368 702 vasorum
1396 632 1441 703 ab
1462 655 1505 702 eo

457 747 668 820 detestanda
684 757 762 833 est3
789 749 841 818 its
856 749 965 819 etiam
988 772 1057 842 ego
1074 748 1187 842 gnatia
1204 744 1273 817 Dei
1290 748 1409 817 udives
1435 748 1506 817 fac-

457 873 528 946 tus,
544 875 584 935 et
598 864 714 934 cordis
730 863 1032 935 circumcisionem
1045 872 1268 947 consecutus,
1282 885 1503 956 nequaquam

457 977 638 1050 vilissime
667 977 762 1048 illius
795 978 1070 1048 circumcisionis
1103 977 1254 1071 indigeo,
1285 1001 1350 1048 nec
1384 990 1503 1049 tamen

455 1094 587 1164 mulam
604 1116 681 1165 esse
697 1094 788 1164 dico.
831 1091 949 1163 Absit.
993 1091 1099 1176 Quod
1121 1094 1148 1162 si
1168 1092 1372 1185 diligentius
1388 1093 1433 1163 de
1451 1094 1505 1165 his

456 1208 610 1279 voluerit
643 1208 771 1302 aliquis
800 1208 950 1291 edoceri,
977 1210 1136 1279 inveniet
1166 1208 1243 1278 haec
1271 1211 1307 1278 in
1336 1210 1505 1301 ¹epistola

455 1324 570 1416 prima
586 1322 752 1417 Apostoli
768 1336 785 1384 5
790 1322 992 1416 plenissime
1009 1332 1170 1394 tractata.

505 1440 652 1513 XLIII.
679 1440 737 1511 De
763 1433 971 1512 velamento
993 1463 1076 1511 vero
1107 1439 1238 1532 Moysi,
1261 1450 1299 1509 et
1326 1440 1372 1510 de
1401 1443 1505 1511 mini-

454 1558 564 1627 sterio
581 1558 716 1639 mortis,
733 1557 847 1627 dicam
866 1579 1028 1627 sermone
1045 1557 1262 1626 brevissimo.
1306 1556 1341 1624 N
1344 1579 1389 1624 on
1407 1559 1503 1626 enim

455 1670 560 1742 raldo
587 1670 675 1740 mihi
704 1671 781 1741 haec
815 1673 992 1743 insinuare
1020 1671 1152 1763 aliquid
1187 1671 1352 1741 adversus
1386 1671 1501 1765 legem

454 1788 633 1859 ridentur.
685 1786 748 1858 Ait
783 1810 867 1880 ergo
901 1809 1016 1857 sermo
1050 1788 1279 1879 'propositus
1314 1785 1434 1874 'Quod
1470 1787 1504 1856 si

455 1903 687 1974 ministerium
712 1904 834 1974 mortis
857 1903 895 1971 in
918 1900 1041 1986 literis,
1048 1900 1245 1997 formatum
1264 1902 1301 1970 im
1319 1899 1501 1995 lapidibus

444 2015 584 2112 fuctum
609 2028 658 2090 cst
685 2019 723 2089 in
744 2017 871 2116 plinio,
897 2018 948 2088 im
973 2026 1011 2088 ct
1037 2039 1107 2087 non
1128 2024 1269 2110 possent
1282 2014 1361 2109 filii
1387 2016 1506 2091 Israel

454 2133 631 2205 intendere
647 2133 826 2230 infaciem
840 2131 964 2227 Moysi
974 2142 1120 2227 propter
1127 2130 1277 2229 pieriam
1290 2130 1402 2203 vuitus
1418 2134 1501 2226 ejas,

454 2272 533 2344 quoe
557 2248 732 2328 adamum
757 2258 795 2319 et
821 2248 966 2341 reliqua,
984 2258 1105 2319 tamen
1130 2248 1277 2342 gloriam
1295 2272 1372 2319 esse
1395 2251 1503 2320 conli-

455 2376 553 2436 tetur
568 2366 606 2435 in
624 2365 727 2436 vultu
743 2364 873 2458 Moysi,
891 2366 986 2455 quod
1004 2373 1059 2434 est
1076 2364 1231 2435 amicum
1249 2366 1359 2435 nobis.
1395 2365 1500 2450 Quod

454 2481 483 2550 si
505 2480 710 2563 destruitur,
727 2489 764 2549 et
781 2479 943 2550 velamen
960 2480 1094 2550 ‘habet
1120 2479 1226 2549 lectio
1251 2482 1335 2572 ejus,
1354 2481 1421 2551 hoc
1443 2505 1501 2553 me

454 2618 524 2666 non
555 2595 755 2677 exacerbat,
790 2617 905 2686 neque
935 2594 1133 2675 conturbat,
1162 2596 1190 2664 si
1221 2604 1360 2664 tanturn
1395 2597 1431 2664 iu
1457 2620 1500 2665 eo

493 2816 506 2859 ἲ
530 2817 632 2875 Codex
654 2817 773 2875 Bobieu.
789 2818 875 2893 fiqcli
894 2836 960 2892 opus
975 2816 1080 2891 assere,
1099 2824 1147 2873 nat
1161 2818 1301 2892 fictilium.
1338 2818 1501 2875 casinensis

451 2933 530 2979 vero,
538 2914 624 2990 florii
640 2933 707 2991 opus
720 2923 747 2971 et
763 2933 811 2970 crs
827 2921 877 2970 cut
890 2913 1021 2989 fictilium
1030 2936 1041 2979 ,·
1062 2913 1113 2970 sed
1126 2914 1408 2988 videturlegeudum,
1416 2916 1501 2991 figuli

451 3028 528 3087 oper,
543 3018 591 3067 aar
604 3009 798 3085 arsfictiiiam,
813 3009 855 3066 uti
869 3009 976 3065 editum
991 3017 1043 3066 est.

491 3116 510 3147 ¹¹
524 3105 626 3163 Codex
639 3105 759 3162 Bobieu.
773 3107 848 3163 dives
856 3106 957 3179 factas
966 3124 1034 3169 sam,
1050 3113 1077 3162 et
1091 3104 1182 3160 cordis
1196 3106 1422 3164 circumcisionem
1436 3125 1498 3164 con·

449 3211 567 3267 necuim,
581 3220 754 3277 nequaquam.
787 3204 828 3259 At
842 3201 1015 3267 casinensis,
1030 3201 1217 3274 dicesfcctua,
1232 3210 1259 3259 et
1273 3204 1499 3261 circumcisionem

449 3308 616 3365 matus,
631 3318 680 3355 nec
699 3318 854 3375 qumquam.
897 3299 962 3355 Nos
976 3296 1172 3368 casinensem,
1187 3317 1222 3355 ex
1240 3299 1375 3357 Bobiensi
1395 3303 1497 3377 partim

449 3396 653 3472 supplevimus,
668 3396 771 3471 partim
786 3396 1007 3453 emendavimus.

490 3502 508 3534 ¹
522 3491 682 3567 Epistulam
698 3492 819 3567 primam
834 3492 968 3567 intelligit
981 3491 1129 3564 epistolam
1144 3492 1180 3548 ad
1194 3493 1349 3560 Romanos,
1364 3514 1448 3570 quam
1463 3496 1498 3553 ab

449 3588 654 3664 antiquissimis
677 3589 811 3646 Ecclesiae
833 3589 1008 3664 temporibus
1031 3588 1154 3662 primum
1178 3589 1252 3647 iuter
1270 3591 1348 3647 Pauli
1365 3593 1499 3667 epistolas

449 3684 545 3742 locum
558 3685 701 3752 habuisse,
717 3686 761 3742 vel
774 3704 811 3743 ex
824 3686 880 3742 hoc
894 3683 1027 3741 Archelai
1040 3684 1104 3741 loco
1118 3695 1244 3760 apparet.
1284 3688 1357 3745 Vide
1373 3690 1496 3764 Epipha-

450 3782 530 3839 nium
545 3783 574 3838 iu
589 3783 700 3840 Haeresi
714 3801 762 3854 42.
784 3784 832 3840 ubi
849 3782 959 3840 crimini
973 3781 1059 3839 vertit
1079 3783 1229 3850 Marcioni,
1244 3787 1320 3860 quod
1341 3788 1497 3862 Epistulam

451 3879 487 3935 ad
501 3880 646 3937 Romnum
660 3889 761 3955 quarto
774 3880 837 3936 loco
848 3881 923 3937 inter
933 3880 969 3935 D.
979 3879 1058 3936 Pauli
1069 3880 1202 3954 epistolas
1213 3883 1400 3943 collocaverit.
1424 3885 1497 3944 Vide

452 3976 536 4032 etiam
552 3995 638 4051 supra
651 3996 713 4053 cap.
723 3994 771 4049 34.

493 4082 505 4119 >¹
520 4072 599 4129 Male
613 4073 677 4130 cod.
693 4074 811 4130 Bobieu.
822 4074 979 4148 plenissime
988 4086 1172 4152 pertractum.

493 4177 507 4207 ¹
521 4169 599 4225 Male
613 4170 676 4226 cod.
688 4169 846 4233 Bobiensis,
857 4172 1042 4246 propheticus.
1079 4174 1116 4230 Et
1131 4194 1207 4238 mox,
1225 4176 1313 4231 literis
1317 4177 1470 4250 firmatam.

493 4274 508 4304 ⁸
522 4265 670 4343 Bobieusis
685 4267 784 4334 codex,
801 4269 825 4322 si
839 4267 926 4323 iubet.

861 4388 867 4410 ¹
886 4398 900 4435 2
917 4381 985 4437 Cor.
1000 4382 1039 4437 iii.
1058 4398 1083 4457 7.
1203 4420 1205 4424 -

941 4499 963 4538 Χ
981 4495 997 4539 2
