3900 5167
525 458 590 525 192
742 455 992 518 ARCHELAI
1027 456 1090 517 ET
1122 455 1342 518 MANETIS

525 629 604 697 sito.
656 623 751 695 Tum
778 628 856 707 iste,
874 628 964 695 siout
991 625 1052 707 illi,
1072 626 1154 716 nqui
1175 625 1305 705 eibum,
1323 622 1420 715 quod
1444 646 1570 693 nomen

525 752 580 814 est
600 741 671 812 tale
689 740 833 811 eludere
855 740 981 823 solent,
999 742 1220 832 presentiam
1242 762 1344 810 suam
1363 738 1496 810 Manes
1512 762 1571 810 ex·

525 858 625 927 hibet
650 857 744 947 apud
771 856 919 948 Regem,
941 855 1062 925 dicens
1089 877 1127 925 se
1153 877 1229 924 esse
1256 877 1407 946 puemm
1433 864 1572 925 curatu-

524 1000 614 1058 runr,
641 985 744 1067 ⁰quae
774 997 855 1043 oum
886 975 1042 1044 audisset
1070 973 1161 1055 Rex,
1192 976 1347 1066 suscepit
1376 997 1461 1044 enm
1492 995 1572 1044 cum

524 1091 705 1182 obsequio,
723 1112 764 1158 ao
782 1088 933 1158 libenter
949 1088 1084 1158 babuit.
1136 1087 1274 1159 Verum
1295 1112 1341 1159 ne
1357 1087 1476 1159 multa
1498 1112 1573 1159 nar·

525 1206 644 1287 raudo,
663 1228 741 1296 quae
758 1205 876 1297 gessit,
896 1205 1043 1273 taedium
1066 1204 1284 1274 auditoribus
1303 1203 1466 1287 inferam,
1483 1227 1574 1275 mor·

526 1328 609 1389 tuus
633 1331 686 1389 est
709 1340 798 1410 puer
823 1319 859 1386 in
886 1318 1050 1387 manibus
1070 1318 1156 1408 ejus,
1175 1317 1231 1387 vel
1247 1319 1366 1409 potius
1383 1320 1572 1390 extinctus.

525 1434 624 1503 Tune
643 1434 722 1503 Rex
740 1435 777 1502 in
795 1455 970 1502 carcerem
989 1432 1129 1502 detrudi
1141 1432 1246 1523 jubet
1264 1430 1423 1512 Manem,
1437 1442 1476 1503 et
1494 1434 1573 1504 ferri

526 1549 683 1619 Ptalento
714 1549 860 1618 onerari.
913 1548 971 1617 Illi
999 1571 1081 1617 vero
1109 1549 1179 1617 duo
1206 1547 1367 1639 discipuli
1397 1550 1487 1639 ejus,
1516 1551 1573 1641 qui

525 1665 621 1734 missi
652 1664 792 1734 fuerant
822 1664 866 1734 ad
897 1664 1095 1734 docendam
1126 1686 1189 1755 per
1218 1660 1371 1755 singulas
1402 1664 1574 1743 civitates,

525 1779 772 1870 quaerebantur
796 1779 840 1848 ad
867 1800 1017 1869 poenam.
1069 1777 1222 1870 Quique,
1250 1778 1429 1871 fugientes
1458 1778 1573 1859 ‘ilicet

526 1916 704 1983 nunquam
730 1902 910 1963 cessarunt
932 1892 1083 1962 alienam
1110 1893 1210 1975 bano,
1228 1902 1265 1962 et
1288 1894 1333 1963 ab
1350 1892 1573 1964 Antichristo

526 2009 742 2099 inspiratam,
758 2031 822 2099 per
839 2007 918 2077 loca
935 2007 1074 2100 singula
1090 2009 1241 2077 inserere
1258 2007 1469 2077 doctrinam.

577 2119 679 2192 LIV.
706 2122 794 2191 Post
811 2123 885 2192 haec
902 2123 946 2192 ad
964 2123 1171 2216 magistrum
1189 2144 1291 2191 suum
1309 2123 1471 2205 redeunt,
1485 2124 1573 2194 refe·

527 2244 646 2305 rentes
664 2260 740 2328 qnae
758 2238 808 2306 eis
825 2238 1048 2319 acciderant;
1074 2237 1224 2307 audiunt
1241 2236 1349 2307 etiam
1367 2259 1422 2321 ea,
1440 2261 1522 2329 quae
1538 2241 1572 2308 in

527 2352 602 2441 ipso
616 2350 745 2421 collata
762 2362 845 2422 sunt
859 2353 971 2435 mala;
1000 2353 1208 2423 accedentes
1221 2375 1316 2446 ergo,
1328 2362 1370 2422 ut
1383 2353 1572 2436 'dicebam

525 2466 570 2535 ad
589 2489 671 2535 eum
689 2467 753 2549 sui,
771 2479 808 2537 et
825 2477 1055 2560 suggerentes
1080 2469 1113 2537 ei
1137 2467 1183 2536 de
1208 2466 1262 2537 his
1288 2466 1400 2549 malis,
1419 2492 1498 2561 quae
1514 2492 1573 2562 per

527 2580 605 2649 loca
622 2580 759 2673 singula
777 2583 1011 2673 patiebantur,
1030 2583 1075 2651 de
1098 2581 1234 2673 reliquo
1251 2584 1429 2653 ‘converti
1455 2607 1494 2655 se
1517 2586 1573 2655 de·

527 2696 610 2764 bere
634 2696 677 2764 ad
702 2696 852 2765 salutem
875 2697 1092 2780 suadebant;
1118 2697 1375 2788 pertimuerant
1391 2701 1499 2782 enim,
1519 2723 1572 2770 ve·

527 2819 646 2878 rentes
664 2812 807 2902 nequid
825 2812 891 2880 sibi
905 2835 950 2881 ex
965 2812 1019 2881 his
1037 2811 1147 2891 malis,
1162 2834 1238 2902 qum
1255 2811 1307 2880 illi
1324 2813 1572 2894 inferebantur,

568 3116 583 3145 ¹¹
600 3104 694 3160 Locus
716 3106 797 3162 valde
819 3114 977 3180 corruptus.
1022 3107 1106 3162 Forte
1128 3106 1289 3181 legendum,
1313 3107 1359 3180 qui
1380 3107 1485 3181 cybum,
1508 3108 1574 3183 quod

526 3221 617 3256 nomen
632 3211 671 3257 est
686 3202 744 3268 tali,
760 3202 859 3258 ludere.

568 3309 582 3338 ⁰
598 3299 669 3355 Cod.
688 3300 751 3356 Vat.
771 3301 849 3362 Quod
861 3320 918 3357 cam
934 3302 1061 3363 audisset,
1076 3318 1137 3373 pro,
1153 3318 1216 3373 que.
1260 3299 1342 3362 Mox,
1358 3302 1504 3366 adnando,
1520 3321 1572 3377 qae

525 3405 604 3471 qesta
618 3406 689 3452 suat.

568 3494 664 3549 PHoc
686 3503 737 3557 est,
754 3495 871 3549 vinculis
894 3495 1002 3558 ferreis,
1025 3494 1060 3549 ab
1082 3513 1180 3549 eorum
1203 3492 1336 3567 pondere,
1360 3513 1427 3549 nam
1450 3499 1574 3551 τάλαντον

526 3590 668 3646 interdum
683 3601 726 3646 est
741 3592 861 3664 pondus,

567 3687 700 3742 qudex
723 3688 789 3743 Vat.
815 3689 878 3743 licet
902 3706 1035 3761 nanqrram
1061 3695 1195 3742 cessarent
1221 3686 1344 3742 alienam.
1387 3687 1476 3743 Paulo
1501 3698 1572 3765 post,

525 3784 591 3857 quid
603 3784 641 3837 eis
655 3784 810 3849 acciderint,
826 3785 889 3857 lege
909 3785 1047 3839 acciderit.
1090 3784 1161 3838 Mox
1181 3803 1258 3851 voro,
1273 3784 1440 3839 Accedeutes
1459 3804 1532 3859 erqo,
1547 3793 1573 3841 ut

525 3879 643 3940 decebat,
659 3881 696 3934 ad
708 3899 765 3934 eum
779 3882 832 3946 sui,
848 3890 874 3935 et
888 3889 1063 3955 suggerentes
1076 3882 1120 3936 sui
1133 3881 1158 3934 ei
1172 3881 1204 3935 de
1218 3880 1268 3935 bis.

568 3987 579 4017 Γ
594 3975 627 4031 ln
642 3976 739 4031 codice
754 3978 910 4044 Casinensi,
926 3987 955 4032 ut
970 3978 1109 4043 dicebaut;
1131 3997 1184 4033 nos
1198 3979 1253 4034 levi
1268 3979 1435 4045 mutatione,
1448 3981 1573 4047 dicebam,

525 4071 734 4127 emendandum
754 4075 922 4130 censuimus.
966 4074 1024 4130 Sed
1039 4084 1068 4130 et
1083 4075 1211 4138 fortasse,
1226 4084 1256 4130 ut
1269 4075 1387 4140 decebat,
1403 4075 1571 4151 legendum

526 4166 625 4221 melior
639 4178 734 4223 tamen
750 4170 809 4224 visu
823 4180 866 4225 est
881 4170 956 4243 prior
970 4171 1061 4226 lectio.

568 4262 629 4317 ΒΙυ
651 4263 750 4318 eodem
772 4266 879 4328 codice,
896 4268 1025 4328 conuerti,
1041 4266 1188 4330 scribitur;
1212 4266 1261 4321 sed
1277 4269 1407 4342 converti,
1423 4268 1573 4344 legendum

526 4374 598 4423 esse,
614 4376 676 4430 quae
691 4369 846 4432 sequuntur
860 4362 943 4425 clare,
960 4371 991 4417 ut
1006 4362 1135 4425 arbitror,
1151 4362 1280 4417 innuunt.
