3900 5167
533 451 597 512 182
757 450 1010 515 ARCHELAI
1042 452 1106 514 ET
1138 452 1359 516 MANETIS

535 633 737 715 poteramus
760 636 797 696 et
820 649 884 696 nos
910 626 1023 695 multo
1041 625 1178 697 facilius
1200 635 1238 696 et
1262 626 1394 696 lautius
1418 626 1489 697 ista
1504 645 1574 694 nar-

535 744 638 812 rare?
665 742 726 811 sed
744 743 836 812 absit
853 751 893 812 ut
911 765 932 812 a
950 744 1098 813 veritate
1121 741 1340 811 declinemus
1365 742 1440 812 iota
1461 760 1574 821 unum,

534 867 597 926 aut
622 880 732 927 unum
757 859 905 949 apicem.
957 857 1024 928 Est
1051 858 1146 927 enim
1173 860 1234 949 qui
1257 858 1303 927 de
1333 856 1454 927 Maria
1480 865 1577 926 uatus

534 983 589 1043 est
612 972 732 1055 Filius,
751 975 810 1065 qui
835 983 951 1043 totum
976 973 1053 1056 hoc,
1072 968 1170 1065 bquo
1195 995 1363 1067 maguum
1381 982 1449 1056 est,
1470 972 1578 1042 voluit

535 1089 689 1179 perferre
706 1100 884 1160 certamen
901 1088 1017 1160 Jesus.
1071 1089 1143 1160 Hic
1168 1099 1223 1160 est
1240 1089 1403 1159 Christus
1423 1087 1506 1166 Dei,
1523 1089 1579 1180 qui

536 1205 719 1274 descendit
744 1227 849 1297 super
877 1227 972 1287 enm,
999 1206 1058 1296 qui
1087 1206 1133 1275 de
1156 1204 1274 1274 Maria
1301 1214 1367 1275 est.
1420 1203 1579 1288 Quodsi

537 1342 608 1389 non
632 1322 744 1390 credis
770 1343 884 1412 neque
905 1322 994 1403 voci,
1012 1343 1088 1412 quae
1113 1318 1247 1391 caelitus
1270 1318 1366 1390 facta
1386 1328 1452 1399 est,
1471 1327 1579 1389 terne-

537 1438 667 1506 rarium
694 1436 835 1527 aliquod
866 1438 940 1528 ipse
969 1437 1142 1529 producis,
1169 1445 1216 1518 et,
1245 1435 1275 1506 si
1305 1435 1448 1518 dixeris,
1478 1458 1580 1505 nemo

538 1550 670 1623 credet.
722 1551 853 1622 Statim
875 1554 971 1621 enim
997 1553 1034 1621 in
1058 1552 1236 1622 desertum
1259 1575 1281 1623 a
1301 1551 1439 1643 Spiritu
1456 1552 1581 1623 ductus

537 1675 593 1735 est
609 1664 723 1748 Jesus,
742 1674 798 1735 'ut
820 1675 1020 1736 tentaretur
1039 1689 1062 1737 a
1080 1664 1243 1748 Diabolo,
1261 1688 1366 1758 quem
1390 1689 1474 1737 cum
1501 1667 1581 1737 Dia·

538 1781 640 1852 bolus
665 1783 851 1875 ignoraret
870 1781 1011 1851 dicebat
1028 1782 1071 1863 ei,
1087 1780 1133 1854 Si
1146 1780 1250 1875 filius
1270 1804 1305 1852 cs
1323 1779 1405 1853 Dei.
1456 1781 1581 1876 ⁶Igno-

538 1897 639 1967 rabat
656 1907 777 1968 autem
797 1907 939 1990 propter
953 1897 1039 1989 quid
1057 1905 1068 1934 ²
1078 1898 1257 1991 genuisset
1276 1896 1406 1967 Filium
1426 1897 1508 1979 Dei,
1526 1899 1582 1991 qui

539 2014 751 2105 praedicabat
769 2037 917 2106 regnum
934 2013 1114 2095 caelorum,
1132 2013 1225 2105 quod
1243 2022 1319 2082 erat
1341 2012 1582 2085 habitaculum

540 2150 720 2221 magnum,
737 2152 803 2198 nec
827 2130 871 2199 ab
893 2128 966 2199 ullo
985 2129 1053 2199 alio
1071 2130 1183 2221 parari
1207 2129 1402 2220 potuisset3
1428 2129 1526 2200 unde
1549 2140 1583 2200 et

540 2244 665 2313 affixus
683 2245 788 2326 cruci,
805 2268 887 2314 cum
911 2245 1157 2316 resurrexisset
1174 2243 1219 2313 ab
1236 2244 1366 2325 inferis,
1384 2252 1583 2338 assumptus

540 2368 594 2429 est
620 2359 714 2441 illuc,
731 2360 790 2429 ubi
813 2359 974 2431 Christus
1001 2358 1111 2429 Filius
1137 2359 1207 2429 Dei
1233 2360 1414 2452 regnabat,
1436 2370 1479 2430 ut
1505 2383 1583 2431 cum

534 2476 709 2566 judicium
738 2476 867 2548 habere
892 2478 1049 2568 caeperit,
1070 2476 1108 2545 hi
1134 2477 1193 2567 qui
1217 2475 1469 2569 ignoraverunt
1495 2498 1584 2556 eum,

541 2591 697 2664 'videant
729 2616 826 2686 quem
862 2602 1144 2686 comparuerant.
1196 2590 1251 2663 Ut
1287 2601 1409 2662 autem
1444 2592 1585 2674 credas3

543 2732 625 2779 cum
643 2707 813 2799 Discipuli
839 2709 913 2799 ejus
936 2731 1152 2800 perannum
1178 2709 1356 2801 integrum
1381 2718 1585 2778 manserunt

543 2849 625 2895 cum
644 2849 697 2908 eo,
715 2848 823 2916 quare
849 2824 966 2893 nullus
992 2826 1145 2916 ipsorum
1172 2823 1322 2915 procidit
1338 2845 1446 2914 super
1462 2824 1586 2893 faciem

544 2966 653 3019 suam,
672 2943 763 3011 sicut
782 2941 885 3033 paulo
902 2951 986 3011 ante
1010 2940 1161 3023 dicebas,
1178 2942 1238 3009 sed
1265 2941 1301 3008 in
1328 2962 1398 3009 una
1415 2939 1503 3009 hom
1519 2940 1587 3019 illa,

544 3058 684 3147 quando
719 3059 810 3126 sicut
844 3055 894 3126 sol
930 3056 1147 3148 resplenduit
1177 3054 1295 3124 vultus
1322 3052 1421 3145 ejus?
1458 3054 1588 3125 Nonne

545 3183 689 3265 propter
704 3173 947 3242 habitaculum
968 3172 1067 3252 illud,
1085 3172 1179 3263 quod
1197 3195 1243 3241 ex
1262 3170 1379 3240 Maria
1399 3171 1517 3241 fuerat
1542 3172 1590 3240 ei·

546 3289 704 3359 fectum?
737 3289 839 3357 Sicut
869 3288 962 3357 enim
996 3287 1160 3357 Paracliti
1189 3288 1326 3379 pondus
1352 3285 1473 3357 nullus
1503 3288 1589 3357 alius

547 3404 659 3473 valuit
678 3406 857 3484 sustinere,
873 3405 939 3473 nisi
958 3403 1022 3473 soli
1042 3402 1226 3494 Discipuli,
1242 3411 1279 3471 et
1297 3402 1430 3472 Paulus
1449 3402 1593 3484 beatum

547 3522 597 3589 ita
628 3521 735 3590 etiam
766 3520 950 3610 Spiritum,
978 3520 1038 3610 qui
1066 3519 1109 3588 de
1140 3517 1232 3588 caelis
1262 3518 1502 3599 descenderat,
1534 3542 1593 3611 per

588 3687 603 3730 b
619 3692 713 3758 Forte,
730 3691 808 3764 quod.
846 3691 897 3762 (Et
910 3689 1064 3764 legendum
1079 3690 1190 3745 videtur
1203 3689 1320 3759 Jesum.)

589 3798 602 3828 ⁰
626 3787 733 3842 Locum
760 3787 835 3842 huuc
860 3795 957 3843 nostra
991 3787 1155 3860 conjectura
1168 3786 1207 3841 ita
1231 3785 1414 3849 correximus
1442 3796 1474 3842 ut
1496 3788 1593 3861 aliquis

548 3886 614 3942 inde
629 3904 728 3941 sensus
742 3885 907 3953 eliceretur‚·
930 3905 996 3941 nam
1011 3885 1039 3939 in
1056 3884 1219 3941 Casinensis
1234 3884 1338 3940 codicis
1354 3884 1477 3941 lectione
1492 3905 1593 3959 magna

549 3984 705 4038 obscuritas
720 4002 755 4037 ex
768 3982 874 4037 librarii
888 3982 1030 4037 erroribus
1051 3990 1168 4044 exorta;
1192 3982 1231 4036 sic
1252 3981 1327 4036 enim
1349 3999 1379 4036 se
1400 3981 1497 4049 habet,
1514 3982 1592 4057 Ipno-

550 4080 628 4135 rcbot
649 4088 738 4135 cratem
756 4088 869 4154 propter
891 4080 936 4153 qui
956 4080 1091 4154 genuisset
1107 4078 1197 4152 filium
1217 4079 1273 4133 Dei
1291 4079 1460 4153 praedicobat
1486 4098 1593 4155 regnum

549 4178 682 4241 carlorum,
698 4179 743 4251 qni
757 4186 825 4241 erni,
841 4183 887 4235 dc.

633 4305 638 4326 ¹
656 4300 727 4355 Mat.
743 4299 779 4354 iv.
795 4318 818 4353 ι.
901 4304 908 4326 ²
928 4299 1008 4371 [For.
1024 4298 1185 4372 legendum,
1201 4297 1313 4371 genitus
1325 4305 1400 4353 esset
1416 4297 1526 4368 Filius]

950 4396 1057 4452 ³Joau.
1074 4395 1132 4450 xix.
1147 4410 1196 4467 37.
