3900 5167
827 461 1138 527 DISPUTATIO.
1443 461 1507 529 129

455 648 610 715 centem,
629 632 722 703 ¹Aut
737 632 1006 726 eaperimmtum
1024 631 1182 725 quoevitis
1207 632 1287 724 ejus,
1305 632 1366 726 qui
1391 633 1428 702 in
1453 656 1507 704 me

454 745 611 841 loquitur
623 744 818 820 Christus?
842 745 1022 817 ethorum
1041 746 1178 829 similia,
1197 746 1241 817 da
1260 748 1388 837 quibus
1404 770 1507 839 supe-

456 864 531 933 rins
547 863 723 944 diximum
746 863 840 932 uude
857 871 895 931 et
912 871 1083 954 tanquam
1101 862 1264 934 fidelibus
1280 863 1382 934 nobis
1399 865 1506 935 haere-

455 978 561 1049 dibus
586 980 658 1049 suis
680 980 864 1072 consignat
881 985 1135 1048 tastamentum
1159 1000 1222 1049 sua
1242 980 1287 1049 ad
1305 979 1506 1052 Corinthios

456 1093 617 1185 epistola,
635 1095 735 1164 velut
760 1103 868 1187 pater,
887 1093 1017 1176 dicens
1036 1091 1211 1163 'Tradidi
1235 1094 1327 1164 enim
1350 1092 1441 1165 uobis
1467 1096 1506 1165 in

450 1209 595 1303 ptimis,
613 1208 706 1303 puaal
719 1218 752 1280 et
767 1208 893 1303 accepi,
911 1208 994 1302 quia
1013 1206 1176 1282 Christus
1199 1216 1353 1280 mortuus
1370 1218 1418 1280 cst
1436 1233 1506 1303 pro

454 1326 604 1418 peccatis
620 1326 749 1396 nostris
764 1323 948 1395 secundum
965 1323 1179 1418 Snipturas,
1197 1333 1229 1395 et
1250 1325 1333 1418 quia
1355 1324 1505 1419 sapidius

457 1447 516 1520 est,
533 1447 566 1509 et
581 1439 665 1532 quia
681 1440 874 1510 rasura-cuit
891 1440 994 1510 tertia
1011 1439 1068 1510 die
1087 1439 1272 1511 secundum
1289 1439 1503 1535 Scripturas,

458 1564 491 1625 et
515 1555 599 1648 quia
623 1552 966 1649 ³apparuit0epl1ae,
990 1553 1113 1626 danda
1137 1553 1294 1626 undecim
1318 1555 1505 1650 Apostolis‚

454 1679 576 1763 postea
601 1669 750 1765 amplius
772 1694 873 1764 quam
894 1671 1089 1768 quinpentis
1103 1670 1284 1766 fratribus
1307 1671 1372 1743 nde
1396 1670 1505 1754 semel,

458 1809 503 1855 ea
518 1784 641 1879 quibm
652 1782 801 1879 pluuimi
818 1783 930 1857 adhue
945 1795 1086 1857 manent
1102 1809 1208 1881 usque
1224 1810 1339 1866 nunc‚·
1364 1786 1505 1880 quidam

457 1911 580 1982 autem,
598 1911 630 1973 et
645 1900 870 1973 dormierunt.
897 1900 1025 1973 Postea
1042 1910 1154 1972 autera
1175 1901 1268 1973 uisus
1285 1911 1334 1973 est
1348 1900 1504 1983 Jacobo,·

458 2016 581 2089 danda
605 2016 760 2089 emamus
775 2015 976 2113 Apostolis3
1002 2017 1185 2088 nconsime
1205 2026 1317 2088 autem
1339 2019 1503 2102 amnium,

456 2143 620 2229 tanquam
645 2132 806 2217 abortum
826 2134 920 2205 aistis
945 2142 994 2203 est
1016 2142 1048 2204 et
1073 2131 1183 2203 miii:
1211 2132 1289 2230 Epo
1311 2133 1402 2204 enim
1427 2158 1503 2205 sum

456 2250 661 2321 mansimus
678 2249 830 2320 omnium
848 2246 1103 2343 Apostolorum.
1136 2247 1233 2321 ⁴Sive
1248 2272 1328 2346 erpo
1345 2273 1415 2346 epo,
1433 2250 1504 2322 siae

454 2363 518 2448 illi,
537 2365 588 2436 ita
605 2365 898 2437 annuntiavimus.
949 2361 1000 2434 Et
1024 2387 1160 2435 rursum
1185 2367 1328 2435 tradens
1354 2367 1503 2437 haeredi-

452 2481 519 2550 bus
548 2504 638 2564 eam,
665 2503 771 2573 quam
798 2482 873 2574 ipsa
900 2479 1142 2551 haereditatem
1170 2481 1374 2572 promeruit,
1404 2483 1502 2563 dicit,

453 2595 595 2667 ⁵Timeo
620 2606 731 2667 autem
759 2618 802 2666 ne
817 2594 928 2690 farte,
954 2595 1044 2665 sinu
1070 2619 1208 2689 saepem
1229 2596 1367 2667 sedauit
1389 2596 1501 2669 Evam

452 2709 583 2781 astutia
607 2733 680 2793 sua
699 2709 750 2780 ita
774 2718 1063 2804 ⁰ccrrumpantur
1082 2734 1199 2780 senuas
1224 2713 1337 2793 uestri,
1355 2720 1387 2782 et
1410 2714 1502 2784 euci-

451 2824 537 2896 dant
561 2848 584 2894 a
608 2823 838 2918 simplicitate,
863 2833 896 2895 et
920 2824 1084 2907 castitate,
1107 2848 1185 2919 quae
1210 2825 1248 2896 in
1276 2824 1417 2899 Christo
1441 2839 1499 2899 est.

449 2939 497 3012 Si
512 2941 604 3011 enim
621 2940 662 3021 is,
680 2940 742 3034 qui
758 2941 858 3023 uenit,
877 2937 985 3010 alium
1004 2937 1182 3013 Christum
1203 2942 1385 3035 predicat,
1404 2967 1501 3037 quem

450 3079 520 3126 non
544 3054 834 3149 praedicavimus:
860 3065 921 3125 aut
947 3054 1122 3149 Spiritum
1153 3055 1261 3128 alium
1292 3059 1500 3152 acceperitis,

450 3194 548 3264 putem
566 3193 635 3241 non
652 3171 851 3264 accepistis:
877 3179 937 3240 aut
953 3169 1053 3242 atiud
1067 3171 1304 3270 Ecanpelium‚
1322 3173 1414 3268 quod
1430 3197 1499 3244 non

450 3284 650 3380 mepan-
676 3284 757 3356 bene
782 3286 1001 3379 pateremini.
1054 3286 1147 3359 Puto
1177 3290 1267 3359 enim
1298 3290 1381 3383 quia
1409 3286 1502 3358 nitu

453 3400 654 3496 minusfeci
670 3399 763 3472 vobis
779 3425 801 3470 a
818 3401 951 3472 aestuis
967 3401 1155 3496 Apostolis.

498 3515 668 3587 XXXV.
696 3514 788 3586 Haec
805 3525 924 3587 autem
944 3517 1044 3599 dixit,
1063 3518 1252 3588 ostendens
1269 3539 1391 3587 omnes
1417 3516 1498 3586 rali-

450 3656 548 3724 quos‚
575 3634 635 3724 qui
661 3632 832 3713 venerint,
860 3630 965 3701 falsos
988 3629 1192 3723 Apostolos,
1216 3631 1354 3701 dolosos
1377 3653 1499 3723 opera-

490 3910 503 3936 ¹¹
520 3903 616 3968 Forte,
632 3904 763 3960 insimul.
800 3903 934 3979 Vulgata,
948 3904 1039 3961 simul.

489 4009 504 4039 ⁰
526 4000 560 4056 In
575 4000 733 4064 Catinensi,
747 4009 954 4075 corrumpantur
972 4020 1066 4058 sensus
1085 4003 1197 4057 cestria
1211 4001 1393 4075 simplicitate.
1437 4001 1495 4060 Sed

451 4116 501 4153 nos
515 4116 550 4153 ex
565 4097 692 4172 Vulgata
706 4098 905 4172 supplevimus.

492 4287 498 4314 ¹
517 4280 610 4338 acor.
626 4281 686 4338 xiii.
703 4300 731 4355 3.
815 4287 824 4311 '
843 4302 854 4339 1
869 4281 935 4339 Cor.
952 4301 999 4338 xv.
1016 4299 1105 4355 3—9.
1172 4280 1182 4312 ³
1200 4281 1288 4355 [Cum
1302 4283 1359 4339 hoc
1374 4283 1404 4340 S.
1416 4285 1493 4342 Pauli

453 4379 719 4435 conseruauit
738 4381 798 4452 ²4]
881 4391 892 4421 ⁴
912 4398 922 4435 1
941 4378 1008 4435 Cor.
1026 4399 1071 4435 xv.
1088 4398 1133 4435 11.
1211 4383 1218 4414 ¹
1236 4397 1251 4434 2
1268 4380 1334 4435 Cor.
1349 4382 1386 4436 xi.
1402 4399 1499 4458 3-ss

493 4493 555 4534 vot.
572 4495 603 4535 v.
1022 4497 1036 4535 s
