3900 5167
824 248 1134 314 DISPUTATIO,
1459 255 1502 323 59

453 423 664 519 θερισθῶσι,
678 423 736 499 καὶ
754 426 903 499 κοπῶσι·
933 426 992 500 καὶ
1010 420 1043 499 εί
1058 454 1110 504 τις
1127 417 1239 500 πόλιν
1252 423 1363 501 ἐσθίει
1379 424 1499 524 ἄρτον,

454 544 594 647 ἀνάγκη
613 550 671 627 καὶ
690 546 798 626 αὐτὸν
814 552 1008 650 βρωθῆναι,
1027 548 1136 649 ἄρτον
1154 546 1352 648 γενόμενον.
1401 550 1500 635 εἴτις

454 674 624 773 φονεύσει
637 675 800 774 ὀρνίθιον,
815 676 968 777 ὀρνίθων
981 675 1096 754 ἔσται.
1123 674 1156 753 εί
1168 708 1221 757 τις
1234 674 1401 781 φονεύσει
1418 686 1498 773 μῦν,

454 800 512 876 καὶ
535 798 643 885 αὐτὸς
660 809 727 897 μῦς
745 802 861 881 ἔσται.
910 801 943 881 εί
964 835 1017 884 τις
1034 800 1146 880 πάλιν
1171 804 1249 880 ἐστὶ
1267 803 1445 884 πλούσιος
1462 807 1499 883 ἐν

454 924 568 1032 τούτῳ
587 932 638 1033 τῷ
655 925 791 1035 κόσμῳ,
810 931 868 1007 καὶ
885 927 946 1007 ἐὰν
965 927 1095 1033 ἐξέλθῃ
1117 930 1156 1005 ἐκ
1181 936 1245 1006 τοῦ
1262 928 1498 1025 σκηνώματοκ

454 1052 573 1147 αὐτοῦ,
588 1052 726 1154 ἀνάγκη
740 1052 847 1134 αὐτὸν
859 1061 906 1138 είς
923 1064 1070 1158 πτωχοῦ
1085 1060 1194 1152 σῶμα
1206 1059 1498 1154 μεταγγισθῆναι,

455 1172 550 1255 ὥστε
578 1189 839 1281 περιπατοῦντα
856 1180 963 1260 αὐτὸν
988 1182 1187 1277 ἐπαιτῆσαι,
1205 1184 1262 1259 καὶ
1281 1179 1370 1276 μετὰ
1387 1189 1500 1258 ταῦτα

454 1305 616 1383 ἀνελθεῖν
634 1304 742 1386 adrev
760 1314 808 1391 eie
826 1308 980 1387 κόλασιν
998 1308 1149 1386 αἰώνιον.
1194 1315 1258 1385 τοῦ
1276 1305 1314 1385 δέ
1332 1305 1500 1403 σώματος

453 1428 581 1509 τούτου
606 1430 708 1516 ὄντος
733 1439 806 1514 τῶν
830 1434 1048 1539 Ἀρχόντων,
1068 1437 1125 1513 καὶ
1153 1439 1216 1532 τῆς
1245 1436 1342 1533 ὕλης,
1362 1432 1500 1533 ἀνάγκη

454 1552 516 1635 τὸν
536 1558 734 1663 φντεύοντα
757 1562 915 1663 περσέαν
940 1564 1091 1641 διελθεῖν
1109 1559 1234 1641 πολλὰ
1252 1560 1416 1658 σώματα,
1436 1560 1501 1642 ἕως

453 1679 497 1761 ἂν
516 1692 730 1789 καταβληθῇ
749 1689 770 1786 ἡ
789 1685 926 1789 περσέα
952 1688 1076 1785 ἐκείνη.
1127 1693 1156 1765 εί
1183 1687 1228 1765 δέ
1245 1721 1297 1769 τις
1326 1689 1506 1784 οἰκοδομεῖ

454 1811 566 1916 ἑαυτῷ
584 1813 706 1908 οὶκίαν,
725 1813 1082 1916 διασπαραχθήσεται
1101 1818 1150 1895 είς
1176 1811 1222 1891 τὰ
1244 1812 1314 1891 ὅλα
1332 1810 1498 1909 σώματα.

453 1936 559 2022 εἴτις
586 1937 728 2017 λούεται
749 1945 798 2023 eie
825 1939 866 2019 τὸ
886 1942 990 2042 ὕδωρ,
1010 1939 1075 2039 τὴν
1092 1941 1218 2019 ἑαυτοῦ
1236 1937 1360 2045 ψυχὴν
1377 1938 1496 2037 ι’πήσ-

454 2121 510 2177 aut
534 2112 568 2176 in
591 2112 686 2189 olera,
710 2124 745 2175 ut
766 2121 800 2177 et
820 2112 879 2198 ipsi
901 2115 954 2177 de-
996 2121 1029 2177 et
1043 2114 1212 2190 mendicet,
1227 2123 1260 2178 et
1275 2121 1348 2197 post
1362 2112 1430 2176 haec
1446 2119 1500 2175 eat

453 2206 599 2263 secentur
621 2206 655 2262 et
677 2199 897 2263 demetantur:
921 2206 954 2262 et
997 2199 1028 2261 in
1041 2221 1151 2283 poenas
1161 2207 1304 2263 eternae.
1330 2201 1411 2261 Cum
1423 2219 1500 2281 ergo

454 2284 506 2367 qui
527 2284 722 2348 manducant
744 2306 866 2368 panem,
882 2283 955 2347 ¹ne-
996 2285 1180 2368 eorpushoc
1196 2284 1379 2367 Principum
1394 2283 1449 2359 eit,
1465 2291 1499 2347 et
1560 2348 1562 2351 ,
1644 2293 1646 2298 ’

452 2391 539 2433 cesse
558 2377 620 2446 est,
635 2377 671 2435 ut
690 2377 724 2435 et
744 2370 803 2454 ipsi
823 2371 955 2433 mandu·
996 2370 1149 2447 materia,
1161 2392 1287 2433 necesse
1296 2377 1346 2433 eet
1355 2368 1500 2467 eum,qui

453 2464 576 2529 centur,
600 2477 715 2541 panem
741 2454 853 2519 effecti.
893 2454 955 2537 Qui
997 2455 1188 2539 plantaverit
1200 2477 1352 2539 perseam,
1363 2463 1499 2518 transire

452 2541 604 2605 occiderit
617 2541 747 2627 pullum,
759 2550 792 2606 et
806 2539 874 2625 ipse
888 2541 955 2625 pul·
997 2562 1054 2624 per
1068 2540 1169 2605 multa
1181 2562 1324 2625 corpora,
1337 2559 1500 2623 usquequo

452 2625 502 2689 lue
529 2627 611 2700 erit,
639 2627 692 2711 qui
723 2648 853 2701 murem,
883 2647 953 2690 mus
997 2639 1134 2710 npersea
1163 2626 1226 2701 illa,
1251 2646 1346 2710 quam
1374 2623 1498 2708 planta-

453 2712 549 2775 etiam
563 2711 630 2797 ipse
644 2714 716 2777 erit.
744 2711 779 2775 Si
794 2712 865 2795 quis
879 2734 952 2794 vero
993 2720 1095 2788 verat,
1110 2712 1266 2776 concidat.
1312 2711 1373 2788 Qui
1387 2717 1496 2774 autem

452 2805 501 2861 eet
515 2797 650 2861 diresin
664 2798 725 2861 hoc
740 2796 866 2875 mundo,
882 2818 953 2860 cum
993 2795 1496 2872 aedilieaveritsibidomum‚⁰die·

452 2883 566 2947 exierit
587 2883 627 2947 de
652 2904 783 2967 corpore
806 2904 875 2958 auo,
901 2904 952 2946 ne·
994 2893 1144 2966 pergetur
1159 2905 1215 2967 per
1229 2882 1336 2945 omnia
1350 2902 1495 2965 corpora.

452 2990 538 3033 cesse
554 2975 604 3033 est
618 2970 733 3032 eumin
748 2990 862 3052 corpus
876 2989 952 3052 pau·
994 2968 1028 3031 si
1052 2968 1123 3053 quia
1148 2968 1261 3033 laverit
1288 2967 1376 3031 sein
1400 2980 1495 3050 aqua,

452 3055 537 3139 peris
549 3053 646 3138 injici,
658 3053 741 3118 mita
751 3061 788 3118 ut
799 3053 950 3127 ambulet,
993 3053 1132 3117 enimam
1147 3076 1237 3118 suam
1253 3054 1440 3124 pvulnerat;
1463 3060 1497 3116 et

491 3215 613 3275 lcodex
628 3218 786 3282 Bobiensis,
804 3236 908 3287 necesse
921 3198 972 3281 eal,
987 3226 1014 3274 et
1028 3218 1115 3292 ipsum
1137 3218 1292 3275 manducari
1305 3235 1403 3292 panem
1417 3216 1497 3289 effec-

452 3323 516 3371 tum.
556 3314 635 3377 Quod
652 3316 679 3370 e·
699 3315 827 3371 occiderit
842 3315 959 3390 pallam,
973 3322 1000 3370 et
1021 3315 1078 3388 ipae
1093 3314 1187 3387 pallae
1200 3315 1260 3371 erit.
1298 3314 1364 3376 Quis
1380 3331 1443 3369 uero
1457 3320 1498 3372 eu

452 3413 536 3468 dives.
580 3410 638 3467 Sed
660 3411 835 3486 Epiphanius
859 3430 923 3468 cum
947 3410 1095 3467 Casinensi
1115 3413 1212 3468 codice
1233 3410 1374 3468 convenit.
1419 3408 1498 3465 Male

453 3520 547 3568 autem
562 3509 590 3565 in
606 3509 734 3584 margine
748 3508 908 3565 emendavit
924 3508 1062 3574 Valesius,
1077 3510 1198 3586 quisquis
1211 3529 1274 3566 uero
1288 3516 1329 3565 eat
1343 3509 1426 3564 dives.

493 3617 517 3648 ¹¹¹
532 3606 632 3662 Codex
646 3605 805 3670 Bobiensis,
820 3613 849 3662 at
863 3606 987 3670 ambulet,
1003 3606 1139 3662 mendicet.

493 3714 508 3744 ¹¹
531 3702 609 3759 Male
623 3702 653 3758 in
667 3702 815 3759 Casinensi
829 3702 926 3759 codice
940 3702 1097 3777 legebatur,
1114 3722 1166 3778 per
1179 3722 1208 3759 ae
1228 3703 1264 3759 ad
1284 3700 1367 3758 illam.
1410 3700 1499 3756 Porro

454 3801 559 3872 τερσέο,
574 3799 705 3857 Petavius
718 3799 814 3865 vertit,
831 3799 946 3857 Persica
959 3800 1052 3857 arbor.
1080 3800 1151 3856 Vide
1166 3800 1354 3874 Epiphaniam
1369 3817 1446 3854 num.
1458 3814 1487 3873 9.

493 3908 508 3939 ⁰
529 3897 630 3953 Codex
651 3896 809 3961 Bobieneis,
833 3898 1009 3972 θίιρινρὶιαν.
1045 3897 1219 3971 Epiphanius
1239 3898 1325 3954 habet
1349 3905 1379 3951 ut
1407 3893 1498 3951 codex

458 3998 626 4056 Casinensis.

495 4105 508 4142 Ρ
529 4097 562 4154 In
584 4117 678 4173 graeco
699 4098 850 4176 Epiphanii
872 4106 916 4155 est
935 4100 1043 4169 πήσσει,
1058 4099 1172 4174 sripore
1193 4099 1351 4172 adstrinpit,
1367 4095 1499 4172 coepelat

460 4193 570 4252 latinus
585 4207 680 4253 tamen
695 4197 833 4271 interpres
847 4196 949 4271 legisse
963 4197 1075 4253 videtur
1089 4197 1214 4265 πλήσσει.

953 4296 963 4334 l
983 4295 1001 4340 2
