3900 5167
664 469 909 532 RESPONSA
932 467 1000 531 AD
1022 467 1286 531 EPISCOPOS.
1436 468 1500 533 275

453 642 527 713 dies
554 644 693 727 cenail,
718 642 814 714 nobis
842 645 1017 738 imputent,
1044 641 1135 738 qaod
1156 667 1224 737 per
1249 663 1310 712 aas
1336 643 1500 713 amarint

453 756 629 851 baptizati,
657 767 688 829 et
723 758 969 856 indalpeatiam
1004 758 1133 830 divina
1161 758 1289 855 pratia
1318 756 1497 827 consecuti.

453 872 605 968 Propter
622 874 811 969 quodcum
829 876 875 946 ait
891 898 962 945 aaa
974 873 1131 945 Ecclesia
1148 883 1179 944 et
1196 897 1302 943 arram
1319 870 1497 968 baptisma,
1508 892 1598 956 epha.
1611 893 1645 942 a.

453 988 591 1083 qnando
616 988 664 1060 ad
690 1015 752 1061 aaa
779 998 1030 1073 corroertaatar,
1056 987 1163 1059 simrd
1189 1013 1264 1060 cam
1285 987 1441 1060 Ecclesia
1466 971 1563 1058 el⁴'⁵'

453 1103 619 1176 Ecclesia
634 1103 836 1201 baptismam
853 1113 1111 1200 amaseqaantar.
1601 1087 1610 1098 ⁴

505 1220 621 1293 Immo
638 1220 797 1292 translati
815 1223 859 1292 ad
877 1231 1012 1315 petram
1028 1230 1065 1290 et
1078 1220 1250 1290 columbae
1267 1221 1390 1291 sociati
1407 1220 1498 1291 acci-

453 1338 552 1430 piant
580 1339 821 1408 remissionem
856 1347 1092 1430 peccatorum,
1122 1361 1228 1429 quam
1262 1337 1392 1408 habero
1425 1359 1497 1406 non

453 1461 617 1544 poterant
651 1463 753 1524 extra
791 1465 929 1547 petram
966 1462 1005 1524 et
1041 1462 1143 1524 extra
1176 1452 1389 1536 columbam,
1424 1454 1497 1523 sive

452 1579 575 1661 aperte
601 1572 694 1654 foris,
717 1555 809 1643 sicut
835 1572 1001 1653 haeretici,
1022 1570 1096 1640 sive
1122 1580 1302 1662 tamquam
1329 1571 1435 1652 intus,
1452 1572 1498 1640 si·

452 1696 514 1755 cut
543 1687 672 1777 perditi
701 1687 884 1758 catholici:
912 1709 1000 1779 quos
1029 1694 1149 1756 tamen
1180 1686 1393 1779 baptismum
1421 1688 1497 1757 sine

453 1801 656 1870 remissione
682 1812 907 1893 peccatorum
932 1809 970 1871 et
996 1802 1136 1883 habere,
1155 1810 1193 1872 at
1216 1802 1311 1884 dare,
1333 1803 1497 1874 manifes-

452 1924 529 1984 tum
547 1926 611 1998 est,
629 1941 711 1987 cnm
737 1928 774 1988 at
799 1918 844 1988 ab
869 1918 952 2010 ipsis
978 1916 1068 1987 tales
1088 1918 1274 2010 accipiunt,
1293 1918 1354 2009 qni
1371 1941 1442 1988 non
1458 1919 1496 1987 in

452 2029 579 2101 melius
595 2035 805 2103 commutati
822 2034 941 2103 Deum
965 2032 1067 2102 labiis
1092 2032 1355 2114 honorantem
1373 2043 1563 2103 automno.
1575 2053 1644 2101 xxix„

452 2167 573 2215 eorum
591 2145 696 2240 longe
714 2158 768 2218 est
784 2149 830 2219 ab
847 2172 900 2218 eo.
952 2146 1091 2218 Tamen
1117 2147 1167 2217 sic
1193 2159 1248 2218 est
1273 2172 1383 2218 unum
1410 2149 1494 2241 bap·
1504 2130 1596 2232 iiim,
1608 2197 1649 2232 xv.

452 2261 567 2345 tisma‚
588 2264 765 2354 quomodo
791 2274 846 2334 est
874 2287 945 2334 nna
973 2262 1147 2345 columba
1168 2286 1249 2333 cum
1275 2265 1410 2355 possint
1435 2245 1529 2356 qui⁸·

452 2400 523 2446 non
548 2389 631 2448 sunt
658 2380 694 2449 in
722 2380 886 2450 columba
910 2381 1156 2463 communiter,
1180 2379 1355 2472 baptisma
1377 2389 1497 2451 tamen

453 2491 582 2565 habere
599 2498 846 2568 communiter.

503 2610 598 2680 Item
624 2611 714 2682 alins
741 2612 910 2683 Aurelius
939 2637 961 2683 a
986 2610 1151 2683 Chullabi
1179 2613 1291 2683 dixit.
1316 2612 1571 2685 Joaanmacn
1579 2636 1620 2687 ⁴5·

452 2726 684 2820 apostolocin
708 2727 849 2823 epistola
873 2752 937 2799 saa
958 2729 1085 2822 posuit,
1102 2726 1147 2800 Si
1164 2729 1242 2822 qais
1259 2727 1306 2799 ad
1321 2754 1379 2800 aas
1395 2731 1496 2815 comit,
1472 2738 1619 2800 triohtn·
1625 2758 1662 2807 ιο,

452 2853 484 2915 at
504 2841 694 2915 doctrinam
715 2843 850 2919 Christi
871 2869 941 2915 aaa
964 2842 1194 2927 delatoriae
1217 2868 1293 2915 eam
1318 2823 1545 2918 admitterem

453 2958 491 3028 ia
509 2958 645 3029 domam
662 2970 819 3045 cestram,
837 2969 868 3031 et
884 2960 959 3032 Aac
976 2957 1031 3030 illi
1047 2959 1279 3030 madianitis.
1319 2959 1390 3049 Qai
1406 2962 1497 3032 enim

452 3073 585 3147 dicerit
606 3074 661 3146 iili
676 3077 761 3158 Aac,
780 3077 992 3148 communica
994 3073 1185 3171 lfactie
1151 3100 1222 3168 am
1242 3074 1353 3147 malis.
1407 3075 1499 3165 Qan-

453 3191 553 3263 modo
576 3191 657 3263 talcs
679 3192 817 3264 admitti
833 3202 955 3264 temere
972 3192 1010 3261 ia
1027 3189 1164 3262 domam
1182 3188 1254 3262 Dei
1265 3195 1499 3288 macariani

453 3308 491 3376 in
519 3306 657 3378 damam
691 3319 843 3381 nostram
869 3309 1044 3403 privatam
1074 3307 1213 3379 admitti
1239 3298 1499 3402 prohibeatur?

450 3422 527 3494 Aa
543 3424 709 3518 quarrada
725 3448 801 3495 cam
824 3425 874 3495 eia
896 3425 971 3495 sinc
987 3421 1153 3494 Ecclesia
1168 3421 1335 3517 baptismo
1352 3448 1499 3497 comma

452 3538 571 3609 micare
594 3562 787 3634 possamus,
817 3537 938 3634 quibas
967 3540 1000 3609 ai
1026 3539 1102 3611 Aac
1130 3537 1324 3609 diacrimm
1354 3548 1496 3625 tantam,

440 3651 555 3747 factis
572 3676 690 3726 eoram
709 3654 809 3727 malis
826 3654 1147 3727 communicamus?

501 3770 559 3840 De
579 3771 647 3841 hoc
670 3772 873 3841 testimonio
893 3770 1067 3841 lohannis
1094 3795 1165 3841 non
1192 3778 1247 3841 est
1273 3772 1405 3843 diutius
1426 3773 1498 3845 dis·

451 3888 650 3970 serendum,
677 3887 959 3980 quandoquidem
991 3887 1035 3956 ad
1062 3888 1293 3978 quaestionem
1320 3886 1496 3979 baptismi,

450 4025 557 4093 quarn
584 4006 689 4074 modo
719 4013 919 4083 tractamus,
946 4003 1090 4070 omnino
1121 4024 1191 4069 non
1217 4003 1381 4092 pertinet.
1432 4001 1497 4073 Ait

450 4119 556 4200 enim,
580 4119 617 4189 Si
645 4122 722 4209 quis
749 4119 793 4188 ad
820 4140 881 4187 vos
908 4118 1054 4197 venerit,
1081 4117 1339 4186 etdootrinam
1365 4119 1495 4188 Christi

450 4234 657 4304 nonhabet.
711 4234 879 4303 Haeretici
898 4240 1019 4302 autem
1044 4231 1282 4322 relinquentes
1300 4234 1495 4303 doctrinam

450 4352 576 4421 erroris
594 4351 656 4431 sui,
675 4351 718 4419 ad
738 4350 867 4419 Christi
890 4348 1084 4417 doctrinam
1104 4356 1368 4431 convertuntur,
1387 4358 1426 4417 ut
1444 4350 1496 4418 in-

929 4483 948 4521 s
965 4480 986 4520 n
1003 4478 1020 4520 2
