3900 5167
533 447 599 515 206
683 447 936 513 ARCHELAI
968 447 1032 511 ET
1064 444 1284 510 MANETIS
1315 445 1439 511 DISP.

529 626 655 722 pictum
673 623 862 694 restituisse
873 645 909 693 se
921 644 965 692 ec
983 621 1175 715 conjecturo
1186 617 1321 691 Pithoei
1336 620 1480 702 inferne,
1494 642 1590 690 naiso

534 742 586 811 uit
610 738 650 812 cl.
676 736 876 811 Oisinuscu.
897 736 994 808 Hist.
1017 736 1111 809 Ecct.
1138 735 1270 814 Veteris
1294 734 1515 807 Monument.
1534 734 1589 804 ΙΙ.

534 881 569 950 p.
584 855 704 949 163.):
731 864 769 925 et
786 856 978 924 verendum
1002 862 1067 936 est,
1084 877 1130 925 ne
1152 854 1253 936 forte,
1271 861 1312 922 nt
1334 853 1410 922 fieri
1435 851 1589 933 adsolet,

533 973 716 1043 accedenti
746 982 906 1063 tempore
936 978 1110 1040 conentur
1141 968 1356 1041 execrandas
1391 978 1588 1039 consuetu-

534 1089 643 1171 dines,
670 1098 707 1159 et
732 1087 862 1158 istebas
884 1083 969 1173 (citt
994 1086 1153 1156 inficetas
1172 1084 1322 1181 Cenncp.
1344 1083 1407 1155 sed
1428 1088 1587 1156 incestas

534 1205 662 1276 editum
688 1204 856 1275 iuvenisse
875 1201 1010 1274 videtur
1028 1199 1243 1296 Oisisauseu.)
1270 1201 1365 1296 leges
1393 1201 1586 1273 Persarum

535 1320 693 1416 (Suppiet
709 1320 875 1389 inducere
900 1318 937 1387 in
963 1325 1043 1389 teste
1061 1314 1272 1389 Obiuuseno
1284 1316 1462 1412 liccem)
1481 1320 1585 1387 inno-

534 1438 699 1507 centioris
722 1445 859 1505 naturae
879 1433 1041 1504 homines
1067 1433 1265 1504 Romanam
1287 1443 1432 1527 gentem
1459 1435 1585 1505 mode·

534 1562 624 1623 stam
652 1562 760 1644 atque
788 1549 1033 1642 tranquillam3
1059 1559 1097 1619 et
1119 1552 1323 1620 universum
1351 1550 1477 1620 orbem
1502 1574 1585 1621 nos·

533 1678 629 1739 tmm
663 1667 774 1738 veluti
807 1667 951 1737 venenis
994 1667 1039 1737 de
1080 1667 1151 1737 suis
1193 1666 1366 1738 malivolis
1408 1669 1581 1737 inficere:

536 1786 688 1876 (Omittit
708 1786 753 1855 de
771 1782 1412 1876 Oisiuusen.)-jubemns-auctores
1434 1788 1581 1879 quidem

533 1925 574 1972 ac
592 1902 766 1994 principes
783 1923 854 1970 una
875 1923 957 1970 cum
982 1899 1224 1970 abominandis
1250 1900 1430 1992 scripturis
1456 1923 1579 1970 eorum

533 2015 697 2085 severiori
722 2036 833 2105 poenae
861 2012 996 2105 subjici,
1014 2014 1066 2083 ita
1089 2021 1132 2081 ut
1155 2011 1326 2083 flammeis
1351 2012 1494 2106 ignibus
1519 2036 1581 2084 ex·

535 2138 699 2200 urantur:
726 2138 980 2199 consentaneos
1007 2151 1091 2199 vero
1118 2137 1155 2198 et
1178 2151 1289 2220 usque
1318 2129 1407 2199 adeo
1433 2140 1581 2200 conten-

534 2249 642 2319 tiosos
676 2246 793 2338 capite
827 2247 942 2338 puniri
976 2246 1220 2337 praecipimus:
1259 2254 1296 2315 et
1330 2269 1452 2316 eorum
1488 2248 1580 2318 bona

534 2363 618 2434 fisco
643 2372 763 2433 nostro
780 2363 948 2432 vindicari
973 2364 1160 2433 sancimus.
1211 2362 1248 2432 Si
1275 2363 1334 2454 qui
1360 2385 1444 2433 sane
1471 2365 1577 2434 etiam

534 2479 706 2559 honorati,
731 2488 794 2549 aut
821 2478 1013 2571 cujuslibet
1038 2479 1219 2573 dignitatis
1245 2478 1300 2549 vel
1330 2480 1473 2571 majoris
1502 2504 1579 2573 per·

534 2617 627 2664 sonae
647 2595 691 2664 ad
714 2595 804 2664 hanc
821 2594 1016 2664 inauditam
1034 2605 1071 2664 et
1088 2605 1238 2687 turpem,
1256 2604 1363 2686 atque
1380 2619 1444 2688 per
1461 2598 1576 2666 omnia

533 2711 702 2781 infamem
735 2720 878 2790 sectam,
909 2709 966 2779 vel
1000 2712 1044 2780 ad
1078 2711 1273 2781 doctrinam
1309 2710 1507 2793 Persarum,
1541 2734 1576 2782 se

535 2827 801 2909 transtulerunt,
828 2850 950 2896 eorum
977 2828 1189 2918 patrimonia
1213 2829 1297 2897 fisco
1328 2838 1449 2899 nostro
1480 2831 1575 2899 adso-

535 2946 619 3013 ciari
637 2945 763 3013 facies:
790 2945 882 3035 ipsos
903 2967 1043 3034 quoque
1062 2944 1283 3023 Forensibus,
1302 2944 1359 3013 vel
1377 2945 1573 3016 Proconen-

535 3060 631 3128 sibus
657 3057 809 3127 metallis
835 3057 919 3126 dari.
971 3074 1130 3147 Desumpta
1149 3074 1209 3129 haec
1228 3094 1261 3130 ex
1277 3073 1384 3131 Codice
1400 3076 1573 3152 Gregoriano

535 3175 563 3228 in
593 3173 766 3229 Collationem
791 3173 894 3246 Legum
921 3171 1041 3227 Mosaic.
1069 3179 1095 3226 et
1123 3171 1315 3233 Romanarum,
1339 3171 1435 3229 Titulo
1459 3193 1507 3229 κν.
1535 3174 1572 3229 De

536 3271 747 3328 Mathematicis
762 3278 790 3327 ct
805 3270 981 3336 Manichaeis,
998 3289 1025 3344 p.
1038 3286 1053 3323 2
1059 3286 1104 3344 52.
1121 3268 1187 3324 edit.
1201 3269 1403 3343 Cannegieter.
