3900 5167
646 439 710 504 DE
735 439 1117 504 REBAPTISMATE
1143 439 1303 502 LIBER.
1434 438 1500 505 317

452 636 582 697 versus,
599 614 656 685 vel
679 613 725 683 ah
750 612 900 683 ecclesis
925 614 1100 707 digressus
1125 636 1166 683 ac
1192 623 1315 705 posteo
1341 635 1499 683 reversus

450 732 507 813 sit,
538 741 577 801 et
606 737 692 800 tunc
723 753 804 799 cum
835 731 976 811 rediret,
1003 731 1204 822 priusquam
1235 730 1268 799 ei
1301 752 1425 799 monus
1455 729 1501 799 ab

450 848 615 940 episcopo
633 847 881 938 imponeretur,
895 844 1134 939 adprehensus
1147 846 1305 916 confiteri
1320 845 1500 915 Christum

450 988 569 1035 coram
587 963 788 1033 hominibus
805 984 948 1033 necesse
965 961 1148 1046 habuerit;
1175 962 1266 1032 sicut
1287 964 1416 1032 iterum
1440 984 1503 1030 ue-

450 1080 551 1174 gunti
575 1078 755 1149 Christum
782 1077 880 1148 nulla
909 1078 1048 1169 propris
1073 1087 1176 1149 vetus
1205 1078 1357 1171 dignitas
1384 1084 1502 1169 potest

452 1198 497 1267 ad
521 1195 672 1266 salutem
697 1194 919 1286 patrocinari.
972 1193 1249 1286 'Quodcumque
1266 1196 1361 1264 enim
1384 1195 1421 1263 in
1438 1194 1502 1263 ho·

453 1313 549 1382 mine
567 1310 734 1381 ultimum
760 1312 795 1380 in
823 1311 889 1381 hac
915 1312 1031 1403 specie
1054 1311 1311 1403 deprehensum
1331 1311 1448 1393 fuerit,
1466 1311 1503 1380 in

454 1428 516 1498 illo
533 1430 612 1520 quis
629 1438 787 1497 nostmm
801 1428 953 1520 judicari
971 1451 1116 1498 necesse
1133 1427 1290 1510 habebit,
1307 1427 1448 1497 abolitis
1466 1435 1504 1497 et

453 1543 650 1615 obliteratis
674 1543 838 1614 omuibus
862 1568 940 1635 quae
961 1545 1057 1637 prius
1082 1544 1202 1637 gessit.
1255 1544 1303 1614 Et
1323 1544 1404 1614 ideo
1422 1567 1505 1614 cum

455 1662 491 1729 in
521 1660 688 1752 martyrio
718 1667 818 1729 touta
848 1659 893 1729 sit
923 1660 1076 1729 mutatio
1106 1682 1224 1729 rerum
1253 1661 1291 1729 in
1321 1670 1504 1732 momento

454 1777 635 1869 temporis,
662 1783 703 1844 ut
732 1775 770 1844 iu
799 1798 838 1845 re
867 1798 1037 1867 perquam
1068 1775 1180 1845 veloci
1211 1778 1344 1868 possint
1375 1778 1504 1847 mutari

454 1893 627 1973 universa,
645 1913 751 1962 nemo
775 1891 840 1966 sibi
865 1890 1073 1973 blandiatur,
1091 1885 1152 1982 qui
1176 1894 1395 1962 occasionem
1418 1893 1507 1963 ami·

455 2010 541 2078 serit
557 2007 716 2101 gloriose
733 2006 868 2090 salutis,
885 2008 913 2077 si
932 2007 1024 2077 forte
1041 2030 1078 2077 se
1096 2008 1141 2077 ab
1160 2031 1201 2078 ea
1218 2008 1409 2078 excluserit
1426 2031 1505 2099 pro·

455 2126 532 2216 pria
549 2146 612 2196 suo
628 2124 742 2215 culpa.
796 2123 907 2193 Sicuti
934 2131 971 2192 et
995 2122 1056 2192 illo
1079 2145 1169 2193 uxor
1188 2123 1294 2205 Loth,
1313 2146 1390 2215 quae
1408 2124 1505 2193 simi-

455 2240 538 2310 liter
554 2241 590 2309 iu
603 2239 774 2333 angustiis
791 2262 908 2308 rerum
923 2249 1046 2309 contra
1058 2248 1272 2331 praeceptum
1287 2239 1504 2332 angelorum,

455 2356 703 2426 tautummodo
726 2365 806 2447 post
830 2377 867 2425 se
890 2356 1056 2447 respexit,
1076 2364 1114 2426 et
1133 2355 1292 2426 tumulus
1313 2355 1395 2427 salis
1412 2356 1506 2426 facts

457 2482 522 2542 est.
549 2471 630 2556 Qua
653 2472 788 2541 ratione
812 2472 919 2541 etism
943 2471 1004 2543 ille
1024 2471 1209 2542 haereticus
1226 2472 1285 2563 qui
1304 2471 1506 2542 confitendo

457 2587 589 2658 Christi
615 2610 744 2657 nomen
768 2588 976 2670 tmcidatur,
994 2587 1081 2657 nihil
1109 2597 1232 2679 posteo
1258 2595 1376 2680 potest
1399 2588 1507 2656 corri-

455 2727 550 2798 gere,
568 2705 596 2773 si
620 2704 705 2794 quid
732 2704 777 2773 de
798 2702 878 2773 Deo
903 2714 965 2773 aut
989 2704 1034 2773 de
1057 2703 1199 2774 Christo
1227 2704 1320 2774 mele
1348 2703 1507 2783 senserit,

458 2842 539 2889 cum
559 2820 595 2887 in
611 2817 720 2889 alium
739 2817 869 2900 Deum,
883 2817 939 2886 vel
958 2820 993 2887 in
1011 2818 1119 2888 alium
1134 2818 1314 2889 Christum
1333 2818 1509 2888 credendo

459 2936 687 3027 semetipsum
715 2933 851 3016 fefellit,
869 2935 1047 3005 confessor
1065 2958 1144 3003 non
1162 2935 1303 3016 Christi,
1322 2933 1401 3004 ²sed
1428 2933 1510 3004 soli-

458 3051 549 3121 tario
580 3047 711 3119 Christi
742 3050 906 3133 nomine3
930 3050 1070 3140 quando
1097 3060 1135 3119 et
1163 3047 1360 3142 Apostolus
1387 3072 1510 3120 couse-

459 3174 609 3258 quenter
635 3166 749 3235 dicat:
776 3163 882 3235 Etsi
907 3186 1030 3258 corpas
1056 3188 1166 3235 mcum
1193 3163 1381 3252 tradidero,
1400 3168 1450 3237 ilo
1472 3174 1662 3241 elicerent-³

461 3304 592 3353 ecoror
609 3281 693 3377 iyni,
711 3278 922 3351 dilectionem
941 3289 1051 3350 aulem
1070 3304 1138 3351 non
1156 3278 1305 3365 habeam,
1324 3280 1417 3352 nihil
1427 3306 1511 3376 pro-

451 3398 549 3491 ficio.
602 3396 695 3479 Quia
720 3394 787 3466 hoc
814 3397 908 3466 facto
936 3395 1024 3465 nihil
1052 3396 1191 3487 prolicit
1221 3397 1280 3487 qui
1308 3398 1512 3469 nonhabet

463 3513 689 3585 dilectionem
715 3512 790 3603 ejus
817 3511 887 3582 Dei
913 3525 952 3581 et
977 3510 1119 3593 Christi,
1146 3511 1207 3603 qui
1239 3536 1303 3604 per
1332 3512 1447 3605 legem
1474 3521 1513 3583 et

463 3629 651 3721 prophet-as
672 3637 709 3697 ot
733 3630 769 3697 iu
795 3626 980 3721 evangelio
1006 3628 1043 3696 in
1069 3628 1136 3698 hoc
1162 3629 1268 3698 modo
1294 3629 1511 3720 praedicatur,

463 3743 600 3842 Diliycs
616 3743 807 3814 Dominum
825 3743 939 3814 Deum
958 3752 1053 3814 locum
1077 3744 1115 3814 in
1134 3751 1202 3814 loto
1219 3743 1319 3814 corde
1336 3753 1405 3828 tuo,
1426 3752 1458 3814 et
1474 3743 1511 3813 in
1522 3766 1596 3817 neut.
1609 3766 1641 3817 vi.
1651 3779 1662 3829 5

507 4037 514 4058 ¹
529 4029 734 4106 Quodcumque
750 4031 824 4087 enim
841 4032 869 4087 in
883 4031 998 4088 homine
1013 4031 1158 4103 ultimum]
1178 4030 1348 4106 Quocumque
1360 4031 1513 4104 legendum

466 4129 587 4201 conjecit
602 4128 777 4198 Gellandius,
794 4128 843 4184 sed
858 4129 918 4186 sine
932 4147 1025 4192 cause,
1041 4128 1151 4203 opinor.

507 4226 580 4281 'sed
603 4226 729 4282 solitario
751 4226 858 4282 Christi
883 4225 1010 4298 nomine]
1034 4226 1090 4293 An,
1113 4225 1162 4281 sed
1188 4225 1304 4281 solitarii
1329 4224 1436 4282 Christi
1461 4245 1513 4282 uo·

467 4323 549 4378 minis
561 4321 571 4377 ?
