3900 5167
544 451 608 513 102
772 449 1025 514 ARCHELAI
1049 449 1115 513 ET
1139 449 1361 515 MANETIS

542 625 696 694 animam
722 624 935 715 provocavit,
952 645 1019 694 nee
1044 622 1119 695 sola
1143 624 1247 694 fovea
1270 623 1316 694 ad
1342 623 1585 718 decipiendum

542 761 625 809 eum
655 740 709 809 uti
739 737 865 821 voluit,
894 740 923 809 si
954 749 1074 810 tamen
1108 739 1177 809 hoo
1207 738 1354 832 dignum
1387 748 1445 811 est
1476 740 1586 811 faeere

543 852 673 935 Deum,
701 861 739 923 et
770 852 869 923 dolos
898 852 1108 946 exquirere?
1151 853 1201 926 Et
1230 855 1322 925 sieut
1355 877 1422 926 rex
1455 855 1585 949 aliquis,

542 969 636 1039 bello
657 969 722 1040 sibi
747 967 857 1052 illato,
875 992 1096 1061 nequaquam
1119 971 1259 1063 propria
1276 972 1412 1043 virtute
1428 972 1585 1055 confisus,

542 1085 603 1155 sed
629 1084 881 1156 imbecillitatis
906 1109 981 1157 suae
1002 1085 1129 1157 timore
1153 1088 1371 1179 perterritus,
1388 1090 1503 1160 muris
1519 1090 1586 1183 ipso

541 1202 638 1272 urbis
655 1200 821 1286 inclusus,
838 1200 968 1271 vallum
989 1200 1128 1293 aliaque
1150 1202 1373 1273 munimenta
1395 1202 1584 1288 circundat,

542 1340 584 1388 ae
608 1326 793 1409 praeparat,
817 1317 949 1399 manui,
970 1339 1013 1388 ae
1030 1315 1162 1387 viribus
1186 1316 1274 1387 nihil
1300 1318 1436 1402 fideus3
1462 1318 1491 1391 si
1511 1342 1584 1391 vero

542 1434 596 1502 vir
612 1432 713 1502 fortis
730 1432 786 1511 sit,
804 1432 912 1502 etiam
930 1453 1033 1524 porro
1055 1454 1077 1502 a
1099 1432 1171 1503 suis
1188 1431 1316 1502 finibus
1341 1432 1378 1501 in
1404 1454 1583 1504 occursum

542 1547 635 1618 hosti
653 1546 823 1639 procedit,
840 1556 878 1616 et
899 1546 973 1639 agit
991 1547 1119 1627 omnia,
1136 1569 1319 1639 usquequo
1337 1546 1459 1618 vineat
1475 1558 1514 1620 et
1530 1548 1584 1619 ot

542 1666 654 1736 tineat
670 1663 918 1735 adversarium.

592 1779 742 1851 XXVI.
764 1778 788 1849 J
792 1799 921 1849 uorsus
948 1797 1155 1860 urxuauur,
1177 1775 1216 1847 si
1241 1777 1293 1847 ais
1317 1786 1497 1869 pastorem
1522 1780 1584 1851 hae

542 1896 638 1978 dum,
656 1896 730 1964 sive
757 1916 888 1987 agnum
914 1893 1006 1963 leoni
1035 1893 1230 1985 projecisse,
1247 1915 1330 1963 eum
1352 1891 1415 1964 ille
1441 1893 1586 1966 irruerat

541 2010 726 2079 adversum
744 2009 953 2102 ingenitum,
965 2016 1086 2077 aetum
1104 2016 1169 2079 est.
1221 2006 1338 2090 Quem
1356 2008 1453 2079 euim
1470 2017 1586 2101 potest

535 2125 695 2217 judicare
720 2135 839 2218 pastor
863 2125 1054 2205 haedorum,
1074 2134 1180 2218 atque
1205 2147 1387 2219 agnorum,
1404 2148 1489 2196 eum
1512 2126 1586 2218 ipse

541 2244 741 2313 inveniatur
770 2244 887 2312 eisin
917 2241 1058 2324 delicto,
1089 2243 1134 2311 'si
1163 2264 1269 2314 eausa
1297 2242 1450 2313 traditus
1476 2243 1584 2314 etiam

541 2381 652 2453 agnus
677 2382 738 2451 per
760 2358 1002 2428 infimritatem
1027 2358 1175 2449 pastoris
1200 2358 1361 2428 resistere
1386 2380 1459 2428 nou
1476 2357 1586 2428 valuit

541 2471 645 2555 leoni,
663 2481 701 2542 et
718 2493 933 2563 consequens
957 2479 1022 2551 est,
1039 2479 1081 2541 ut
1103 2472 1339 2563 quodeunque
1362 2472 1472 2543 fuerit
1492 2471 1585 2543 leoni

540 2588 694 2672 libitum,
711 2597 833 2682 gerat3
860 2596 1027 2679 tanquam
1051 2589 1078 2657 si
1107 2587 1270 2658 dominus
1295 2609 1406 2658 uuum
1432 2610 1455 2658 e
1480 2589 1586 2659 servis

540 2705 612 2775 suis
637 2706 800 2796 ejectum,
818 2705 875 2774 vel
901 2726 963 2796 per
988 2713 1124 2774 metum
1149 2704 1267 2775 tradat
1290 2704 1491 2774 adversario
1511 2727 1584 2787 suo,

541 2844 647 2913 quem
677 2844 795 2891 rursus
825 2820 981 2912 recipere
1011 2822 1082 2891 suis
1110 2820 1242 2889 viribus
1269 2843 1341 2890 non
1367 2819 1494 2891 valeat.
1546 2820 1583 2892 Si

541 2957 624 3009 vero
647 2961 730 3009 casu
753 2938 871 3030 aliquo
896 2937 1096 3029 provenerit
1114 2960 1196 3006 eum
1213 2938 1332 3029 recipi,
1349 2960 1419 3029 qua
1439 2939 1582 3009 tandem

539 3055 675 3125 ratione
702 3063 879 3123 tomrenta
907 3054 941 3124 ei
971 3053 1102 3146 poterit
1129 3053 1295 3147 irrogare,
1322 3055 1351 3124 si
1379 3052 1425 3124 ad
1455 3056 1582 3137 omnia,

539 3195 616 3263 quae
633 3173 666 3241 ei
683 3171 879 3263 imperabat
896 3170 1070 3250 inimicus,
1085 3170 1239 3263 parebat,
1253 3192 1333 3240 eum
1349 3180 1451 3239 ²aum
1469 3171 1581 3265 ipsum

538 3287 722 3358 tradiderit
749 3288 904 3369 inimico,
930 3288 1022 3356 sieut
1048 3286 1141 3356 leoni
1171 3285 1339 3356 haedum?
1365 3309 1582 3379 praenoscen·

537 3414 612 3475 tem
637 3405 731 3474 euim
761 3404 884 3473 asseris
910 3425 986 3473 esse
1011 3411 1198 3496 pastorem.
1249 3401 1467 3474 Verberatus
1488 3406 1581 3476 enim

535 3543 656 3614 agnus,
682 3529 720 3590 et
748 3519 981 3612 interroganti
1013 3540 1051 3588 se
1078 3520 1220 3610 pastori,
1248 3542 1311 3589 cur
1340 3519 1376 3588 in
1407 3519 1460 3590 his
1489 3520 1581 3592 leoni

534 3637 700 3728 paruerit,
714 3636 925 3729 respondet3
952 3645 991 3704 tu
1009 3657 1068 3704 me
1085 3633 1177 3703 leoni
1197 3634 1382 3714 tradidisti,
1396 3657 1463 3704 nee
1481 3639 1581 3707 resti-

533 3753 608 3823 tisti
639 3751 805 3822 adversus
833 3773 926 3834 eum,
951 3752 1076 3833 sciens,
1099 3759 1137 3820 et
1167 3750 1360 3842 praevidens
1387 3774 1464 3843 qnae
1494 3752 1579 3823 mihi

533 3868 686 3959 gerenda
703 3867 830 3949 forent,
848 3889 929 3937 cum
947 3868 1023 3957 ejus
1045 3888 1104 3935 me
1128 3887 1270 3935 neeesse
1288 3878 1380 3936 esset
1397 3868 1580 3960 obtempe-

533 4005 613 4052 rare
633 3982 826 4074 praeceptis.
878 3981 926 4050 Et
953 4004 997 4050 ne
1023 3980 1137 4049 multa
1163 3980 1331 4062 dicamus,
1350 4004 1465 4073 neque
1483 3983 1581 4054 Deus

533 4099 709 4190 perfectus
733 4108 852 4190 pastor
874 4098 1083 4178 ostenditur,
1099 4120 1215 4190 neque
1241 4097 1297 4167 leo
1323 4098 1457 4193 alienos
1483 4100 1579 4172 cibos

818 4282 832 4312 2
846 4271 933 4328 Forte
947 4271 1109 4346 legendum,
1125 4290 1182 4326 eum
1198 4272 1263 4346 ipae.

737 4399 743 4420 ¹
761 4391 839 4461 (For.
855 4394 967 4467 legend.
984 4395 1041 4450 sive
1055 4412 1135 4450 causa
1146 4395 1163 4449 ‚⁹
1176 4393 1332 4464 Traditus.)
