3900 5167
829 484 1141 549 DISPUTATIO.
1445 485 1508 550 147

459 655 535 726 dies
555 655 602 725 ad
624 679 683 726 me
700 666 857 739 venerat,
873 667 911 727 et
931 658 1127 738 scientiam,
1143 656 1246 726 aliam
1274 663 1506 747 praeteream,

460 794 540 862 quse
555 771 765 864 Apostolioa
781 781 848 856 est,
865 783 903 841 et
925 771 1182 851 Ecclesiastica,
1199 772 1422 841 introducere
1447 794 1508 841 cn·

461 886 592 977 plebat,
611 887 656 958 ad
673 895 711 956 te
728 908 870 978 quoque
885 888 1042 968 venerit;
1068 908 1174 979 quem
1191 887 1335 977 quidem
1352 909 1419 978 ego
1436 909 1507 955 non

461 1000 599 1081 admisi,
616 1003 652 1070 in
671 1004 834 1094 prasenti
858 1003 952 1071 enirn
979 1001 1080 1070 nobis
1102 1001 1362 1093 disputantibus
1387 1001 1509 1071 confu-

463 1124 560 1186 tatus
576 1125 642 1186 est.
693 1114 744 1185 Et
759 1116 866 1185 velim
884 1116 1028 1207 quidem
1045 1117 1172 1198 omnia,
1190 1139 1268 1208 quar
1291 1141 1312 1187 a
1334 1139 1393 1185 me
1413 1117 1509 1186 dicta

463 1240 557 1312 sunt,
575 1231 726 1302 scribere
752 1232 829 1314 tibi,
846 1240 889 1301 ut
905 1255 951 1301 ex
977 1231 1032 1302 his
1057 1253 1263 1323 agnosceres
1284 1232 1389 1301 fidem
1409 1233 1506 1323 ejus;

463 1346 525 1415 sed
554 1348 637 1437 quia
664 1346 709 1415 de
732 1348 870 1417 vacanti
901 1342 989 1416 ¹fieri
1016 1348 1147 1437 poterit
1173 1345 1250 1428 hoc,
1282 1371 1387 1428 nnnc,
1414 1348 1508 1439 quod

463 1461 583 1542 instat,
609 1462 729 1553 paucis
751 1463 961 1554 respondere
986 1462 1051 1531 tibi
1079 1463 1313 1532 necessarium
1340 1463 1436 1542 duxi,
1463 1463 1508 1532 ad

465 1597 601 1667 eaquae
617 1575 702 1644 mihi
721 1578 899 1668 scripsisti,
917 1578 1012 1669 quod
1030 1576 1153 1646 abillo
1171 1578 1381 1647 dicerentur.
1422 1578 1509 1649 Erat

466 1713 549 1784 orgo
570 1691 603 1760 ei
626 1685 825 1760 '‘summum
851 1693 1019 1773 studium,
1041 1691 1157 1785 legem
1182 1689 1299 1783 Moysi
1323 1694 1509 1763 ostendere

465 1828 536 1875 non
553 1828 631 1875 esse
648 1816 899 1876 consonantem
922 1806 992 1899 legi
1010 1805 1153 1888 Christi,
1170 1815 1208 1875 et
1224 1805 1298 1875 hanc
1316 1828 1361 1875 ex
1382 1808 1510 1878 nostris

466 1921 657 2013 Scripturis
679 1943 877 1992 asseverare
899 1922 1072 1993 tentabat.
1125 1921 1204 1991 Nos
1222 1944 1304 1991 vero
1321 1945 1366 1992 ex
1385 1924 1509 1993 eadem

465 2038 541 2130 ipsa
557 2039 731 2129 scriptura
744 2059 814 2106 non
832 2035 946 2107 solum
959 2037 1242 2107 confirmavimus
1255 2036 1371 2130 legem
1382 2037 1509 2132 Moysi,

464 2164 501 2225 et
519 2154 650 2233 omnia,
668 2176 749 2244 qnae
766 2153 802 2222 in
820 2176 862 2222 ea
878 2153 1009 2243 scripta
1022 2162 1124 2234 sunt;
1148 2175 1268 2222 verum
1283 2155 1391 2223 etiam
1404 2177 1509 2225 omne

462 2281 568 2340 vetus
598 2278 850 2339 testamentum
879 2269 1067 2338 convenire
1096 2290 1187 2337 novo
1217 2278 1441 2349 testamento,
1472 2279 1511 2339 et

458 2407 658 2456 consonare
683 2384 916 2475 probavimus,
943 2405 1124 2474 unumque
1150 2405 1226 2453 esse
1255 2392 1407 2466 textum,
1434 2394 1511 2454 tan·

456 2522 573 2592 quam
600 2501 629 2568 si
655 2522 725 2568 una
747 2499 854 2567 vestis
880 2499 1043 2567 videatur
1068 2492 1127 2594 'ex
1156 2498 1380 2590 subtegmine
1402 2508 1511 2591 atque

453 2616 618 2686 stamine
635 2636 710 2685 esse
727 2621 906 2683 contexta.
946 2610 1028 2680 Hoc
1046 2610 1171 2691 solum,
1190 2611 1282 2702 quod
1300 2609 1410 2681 veluti
1429 2634 1511 2702 pur-

451 2751 591 2823 puram
616 2728 776 2797 videmus
799 2728 836 2796 in
864 2737 974 2809 veste,
999 2749 1130 2795 novum
1158 2735 1413 2797 testamentum
1444 2729 1510 2798 min

452 2854 613 2916 textura
622 2844 751 2913 veteris
767 2843 995 2920 testamenti;
1021 2841 1188 2934 ¹¹gloriam
1207 2843 1301 2911 enim
1313 2839 1455 2912 Domini
1474 2846 1510 2914 in

449 2960 594 3030 eodem
611 2957 842 3049 speculemur.
882 2956 967 3025 Non
986 2978 1070 3048 ergo
1087 2955 1322 3046 abjiciendum
1341 2967 1396 3027 est
1413 2969 1512 3051 ⁰spe-

449 3074 599 3154 culum,
626 3096 707 3142 cnm
733 3073 833 3142 nobis
859 3074 970 3163 ipsam
997 3070 1186 3162 imaginem
1210 3092 1326 3140 rernm
1349 3072 1512 3155 similem,

447 3211 658 3281 veramque
684 3189 943 3269 pdemonstret3
970 3188 1055 3277 quin
1082 3186 1211 3276 potius,
1234 3196 1272 3256 et
1297 3211 1339 3256 eo
1361 3188 1512 3279 amplius

450 3450 519 3507 que
542 3428 581 3485 ad
601 3435 686 3501 caput
699 3426 748 3498 46.
770 3426 854 3499 hujus
873 3425 965 3498 operis
980 3423 1068 3480 edidit
1088 3423 1193 3497 pariter
1208 3443 1243 3480 ex
1263 3424 1360 3481 codice
1378 3424 1513 3482 Bobiensi

453 3526 611 3588 Valesius,
626 3524 706 3597 cujus
721 3524 811 3578 varias
824 3521 960 3594 lectiones
974 3520 1152 3576 adnotamus.

505 3622 515 3665 i
531 3620 603 3679 cod.
618 3618 702 3683 Bob.,
710 3619 779 3693 fieri
790 3626 888 3692 potest.
1037 3612 1054 3656 ¹¹
1070 3616 1142 3672 Cod.
1158 3616 1240 3682 Bob.,
1255 3635 1331 3671 suum
1345 3616 1470 3673 studium.

505 3718 515 3765 l
545 3718 581 3774 ln
605 3716 752 3772 casinensi
776 3723 829 3779 est,
852 3734 886 3771 es
908 3713 1062 3777 ultoniae,
1084 3721 1111 3768 et
1136 3732 1193 3787 qaae
1215 3714 1337 3769 stamine.
1380 3712 1438 3771 Sed
1461 3734 1515 3772 nos

457 3812 617 3874 Bobiensis
631 3812 692 3869 cod.
706 3811 857 3867 lectionem
873 3810 1019 3866 meliorem
1034 3827 1096 3865 esse
1110 3808 1279 3865 censuimus.

506 3924 532 3955 ¹¹¹
546 3910 640 3967 codd.
656 3908 753 3965 Caeiu.
769 3915 798 3963 et
811 3907 885 3963 Bob.
901 3907 929 3962 in
943 3915 1088 3962 tenturam.

509 4022 525 4053 ¹¹
547 4009 706 4082 Corruptus
725 4014 769 4062 est
787 4006 841 4061 hoc
862 4005 891 4061 in
910 4004 973 4061 loco
988 4003 1136 4060 Bobiensis
1151 4002 1250 4066 codex,
1266 4021 1350 4076 quem
1365 4022 1421 4059 non
1436 4014 1513 4062 recte

459 4106 599 4163 Valesius
609 4103 742 4160 correxit.
766 4106 821 4173 (am
835 4121 887 4176 pro
898 4103 968 4158 enim
981 4101 1045 4158 cod.
1060 4100 1193 4167 habente,
1206 4100 1251 4155 ille
1265 4101 1388 4156 correxit
1398 4101 1487 4172 Jesn.)

509 4213 524 4243 0
540 4201 703 4258 Casinensis
716 4220 774 4256 nou
788 4208 875 4264 recte,
885 4199 1022 4274 speculum
1036 4198 1112 4253 nobis
1122 4217 1173 4271 per
1187 4197 1274 4271 pisam
1284 4198 1433 4271 imepinem.
1456 4197 1514 4254 Sed

463 4300 568 4356 melior
581 4298 635 4354 alia
649 4297 798 4355 Bobiensis
813 4297 917 4353 codicis
930 4296 1026 4359 lectio,
1042 4314 1125 4368 quam
1140 4293 1228 4350 secuti
1243 4312 1349 4349 sumus.

511 4395 698 4459 rBobiensia
714 4395 913 4450 demonstrarit.

966 4510 984 4548 U
1003 4504 1020 4548 2
