3900 5167
667 453 910 518 RESPONSA
936 454 1003 517 AD
1026 455 1291 518 EPISCOPOS.
1433 456 1497 518 228

449 626 547 696 intus
572 626 712 708 habeat,
739 628 832 717 quod
861 626 985 696 illicite
1012 627 1095 697 foris
1123 628 1285 698 habebat.
1338 628 1409 698 Sed
1436 629 1499 699 ali·

451 743 530 833 quis
554 742 698 811 forsitan
721 752 864 833 quaerat,
883 743 967 833 quid
992 744 1037 811 de
1060 743 1125 812 hac
1149 767 1186 812 ro
1204 739 1313 813 ¹beati
1332 744 1498 837 Cypriani

450 858 602 949 epistola
617 859 661 927 ad
680 858 899 950 Stephanum
918 857 1058 940 dixerit,
1069 859 1168 950 cujus
1186 861 1221 927 in
1239 857 1306 928 hac
1323 862 1499 930 sententia

451 974 741 1043 commemoratio
758 973 853 1045 facta
869 983 934 1055 est,
952 996 1035 1043 cum
1053 976 1090 1043 in
1107 975 1253 1044 exordio
1270 975 1411 1044 concilii
1428 998 1498 1045 non

451 1088 498 1155 sit
515 1095 801 1169 commemorata,
818 1088 924 1157 eredo
940 1089 1108 1179 quianon
1127 1097 1291 1180 putatum
1309 1099 1362 1159 est
1381 1112 1500 1159 neces·

451 1202 594 1272 sarium.
646 1201 742 1272 Nam
767 1213 805 1273 et
826 1204 938 1295 ipsam
955 1205 993 1273 in
1009 1205 1078 1273 isto
1096 1212 1192 1273 coctu
1209 1205 1498 1283 consacerdotum

452 1316 583 1387 lectam
608 1340 683 1388 esse
707 1319 818 1388 dixit:
845 1319 939 1410 quod
956 1318 1091 1389 factum
1110 1321 1254 1389 omnino
1274 1343 1345 1389 non
1364 1320 1499 1401 dubito,

452 1443 623 1524 quantum
655 1433 814 1515 arbitror,
844 1443 885 1503 ut
915 1434 990 1503 lieri
1025 1435 1125 1517 solet,
1157 1458 1227 1526 quo
1257 1445 1399 1526 possent
1423 1436 1500 1527 jam

451 1547 656 1640 congregati
682 1548 836 1639 episcopi
862 1549 969 1617 etiam
997 1550 1042 1619 de
1068 1550 1128 1619 illa
1157 1573 1277 1620 caussa
1307 1549 1411 1620 simul
1437 1550 1500 1619 ali·
1611 1569 1619 1576 ·

452 1661 536 1751 quid
554 1683 777 1753 cognoscere,
795 1683 871 1751 quae
892 1661 954 1731 illa
975 1663 1125 1754 epistola
1142 1665 1352 1734 continetur.
1405 1664 1499 1734 Nam

451 1799 592 1868 prorsus
613 1778 656 1846 ad
681 1778 909 1867 quaestionem
932 1787 1141 1870 praesentem
1167 1802 1239 1849 non
1264 1780 1441 1871 pertinet3
1464 1790 1501 1850 et

451 1894 565 1986 magis
593 1893 701 1961 miror
732 1915 795 1962 cur
824 1914 902 1962 eam
933 1894 1003 1963 iste
1031 1915 1308 1964 commemorare
1339 1893 1501 1975 voluerit,

451 2031 559 2100 quarn
593 2031 657 2078 cur
689 2009 726 2077 in
759 2008 905 2077 exordio
935 2008 1075 2079 concilii
1106 2010 1394 2079 commemoratio
1425 2010 1501 2100 ejus

450 2126 683 2217 praetermissa
711 2125 767 2195 sit.
820 2124 925 2207 Quod
954 2126 982 2195 si
1014 2126 1198 2216 quisquam
1227 2125 1416 2196 arbitratur
1443 2148 1501 2194 me

451 2240 583 2331 aliquid
603 2238 755 2308 noluisse
773 2239 808 2307 in
826 2240 983 2309 medium
1001 2241 1165 2331 proferre,
1184 2241 1278 2331 quod
1297 2241 1333 2309 in
1351 2263 1394 2310 ea
1410 2240 1502 2331 posi·

451 2364 529 2423 tum
557 2364 612 2424 est
637 2356 801 2446 praesenti
826 2377 955 2425 caussae
978 2357 1222 2435 necessarium,
1242 2355 1338 2448 legat
1362 2378 1441 2426 eam
1463 2364 1501 2425 et

452 2472 541 2540 sciat
558 2492 679 2539 verum
706 2493 782 2540 esse
808 2471 901 2562 quod
927 2471 1028 2541 dieo:
1056 2479 1118 2541 aut
1144 2473 1171 2541 si
1195 2470 1289 2541 aliud
1316 2471 1501 2553 invenerit,

453 2588 652 2679 redarguat.
705 2584 851 2657 Prorsus
868 2584 963 2656 enim
990 2586 1050 2656 illa
1067 2587 1216 2679 epistola
1233 2588 1309 2657 mde
1326 2588 1502 2681 baptismo

454 2703 547 2793 apud
574 2701 758 2771 haereticos
785 2700 840 2770 vel
868 2702 1110 2772 schismaticos
1139 2704 1234 2785 date,
1263 2703 1374 2772 ¹unde
1407 2726 1502 2773 nune

453 2816 601 2909 agimus,
618 2815 707 2886 nihil
724 2816 841 2887 habet.

507 2932 942 3025 NicomedesaSegermis
953 2934 1064 3002 dixit:
1082 2931 1168 3004 Meo
1181 2930 1431 3004 sententiolae
1443 2942 1500 3015 ast,
1511 2946 1576 2993 (ur.
1593 2943 1628 2993 ra

455 3057 493 3117 ut
520 3045 675 3118 ltaeretict'
704 3047 751 3117 od
779 3046 969 3118 Ecclesium
1004 3048 1172 3118 amicales
1201 3046 1438 3142 baptizentur:
1464 3073 1502 3120 eo

455 3162 548 3257 quod
563 3161 692 3233 araim
698 3162 798 3258 soris
815 3162 911 3256 apud
925 3171 1120 3256 peccatores
1136 3164 1370 3236 remissiorem
1382 3188 1503 3259 pecco-

455 3288 566 3348 torum
584 3287 843 3372 consequantur.

495 3474 504 3518 ¹
525 3476 642 3549 Aliquot
657 3472 747 3530 Mss,
763 3476 795 3530 de
809 3475 859 3531 loe
873 3493 903 3530 re
915 3475 1030 3531 habeut:
1053 3475 1158 3531 omisso
1173 3483 1280 3549 postea,
1296 3476 1405 3533 diamit.
1445 3479 1503 3535 Alii
1554 3542 1560 3551 ,

455 3572 544 3631 MSS.
558 3580 690 3628 neutrum
704 3572 820 3636 habent,
835 3591 887 3627 nec
903 3572 1009 3636 lubeat,
1025 3591 1077 3628 nec
1091 3573 1198 3629 dicerit.
1245 3571 1308 3646 (Sic
1323 3574 1401 3646 mei.)

496 3680 520 3710 ¹¹²
534 3668 605 3724 Duae
616 3675 731 3724 exstant
742 3666 876 3742 Cypriani
890 3666 926 3721 ad
938 3664 1115 3739 Stephanum
1127 3665 1263 3740 epistolar,
1275 3667 1364 3723 altera
1378 3668 1414 3724 de
1423 3668 1502 3725 Mar·

454 3766 538 3821 ciano
552 3762 710 3819 Arelatensi
732 3762 865 3837 episcopo
888 3761 1056 3827 amovendo,
1079 3780 1141 3835 quae
1166 3779 1241 3817 nune
1266 3770 1310 3818 est
1331 3763 1430 3820 ordine
1452 3764 1502 3820 68.

455 3866 544 3921 altera
558 3880 620 3935 quae
635 3862 770 3936 synodica
782 3870 826 3918 est
836 3869 962 3917 tractans
976 3860 1093 3916 omnino
1107 3860 1136 3916 id
1152 3861 1226 3917 unde
1241 3861 1336 3934 agitur
1350 3880 1503 3936 argumen.

454 3969 515 4016 tum
540 3959 575 4015 de
597 3958 774 4033 baptizandis
795 3958 935 4015 haereticis
954 3967 983 4014 et
1005 3957 1200 4014 schismaticis.
1244 3958 1370 4014 Priorem
1391 3968 1503 4016 tantum

455 4058 564 4113 viderat
579 4056 765 4131 Augustinus,
776 4074 833 4111 non
848 4055 1045 4129 posteriorem.
1090 4055 1241 4127 (Conferas
1255 4063 1352 4111 notam
1367 4056 1402 4112 ad
1417 4057 1502 4114 finem

456 4155 540 4229 hujus
555 4153 610 4209 vol.
625 4150 770 4226 positam.)

402 4273 404 4276 ’
500 4286 507 4308 ¹
527 4281 607 4352 [For.
620 4280 732 4354 scripsit
741 4279 921 4355 Augustinus
936 4298 987 4353 quo
1001 4280 1041 4335 de.
1065 4279 1211 4336 invenitur
1223 4298 1273 4354 quo
1284 4280 1317 4334 de
1326 4281 1418 4353 agitur
1428 4280 1503 4354 apud

457 4379 612 4450 auctores]
