<?xml version="1.0" encoding="UTF-8"?>
<!DOCTYPE html PUBLIC "-//W3C//DTD XHTML 1.0 Transitional//EN"
    "http://www.w3.org/TR/xhtml1/DTD/xhtml1-transitional.dtd">
<html xmlns="http://www.w3.org/1999/xhtml" xml:lang="en" lang="en">
 <head>
  <title>
</title>
<meta http-equiv="Content-Type" content="text/html;charset=utf-8" />
  <meta name='ocr-system' content='tesseract 3.04.00' />
  <meta name='ocr-capabilities' content='ocr_page ocr_carea ocr_par ocr_line ocrx_word'/>
</head>
<body>
  <div class='ocr_page' id='page_1' title='image "./reliquiaesacrae05routgoog_0180.png"; bbox 0 0 3900 5167; ppageno 0'>
   <div class='ocr_carea' id='block_1_1' title="bbox 534 439 1351 510">
    <p class='ocr_par' dir='ltr' id='par_1_1' title="bbox 534 439 1351 510">
     <span class='ocr_line' id='line_1_1' title="bbox 534 439 1351 510; baseline 0.01 -7"><span class='ocrx_word' id='word_1_1' title='bbox 534 439 598 507; x_wconf 81' lang='lat'><strong>168</strong></span> <span class='ocrx_word' id='word_1_2' title='bbox 763 441 1019 506; x_wconf 88' lang='lat' dir='ltr'>ARCHELAI</span> <span class='ocrx_word' id='word_1_3' title='bbox 1043 443 1109 507; x_wconf 88' lang='lat' dir='ltr'><strong>ET</strong></span> <span class='ocrx_word' id='word_1_4' title='bbox 1132 445 1351 510; x_wconf 80' lang='lat' dir='ltr'>MANETIS</span> 
     </span>
    </p>
   </div>
   <div class='ocr_carea' id='block_1_2' title="bbox 531 615 1582 1296">
    <p class='ocr_par' dir='ltr' id='par_1_2' title="bbox 531 615 1582 1296">
     <span class='ocr_line' id='line_1_2' title="bbox 531 615 1578 715; baseline 0.006 -28"><span class='ocrx_word' id='word_1_5' title='bbox 531 615 683 688; x_wconf 73' lang='lat' dir='ltr'><strong>nostris?</strong></span> <span class='ocrx_word' id='word_1_6' title='bbox 709 623 746 687; x_wconf 91' lang='lat' dir='ltr'><strong>et</strong></span> <span class='ocrx_word' id='word_1_7' title='bbox 772 617 916 707; x_wconf 92' lang='lat' dir='ltr'><strong>quidem</strong></span> <span class='ocrx_word' id='word_1_8' title='bbox 940 640 1024 688; x_wconf 88' lang='lat' dir='ltr'><strong>oum</strong></span> <span class='ocrx_word' id='word_1_9' title='bbox 1046 617 1273 703; x_wconf 66' lang='lat' dir='ltr'><strong>obtreetnree</strong></span> <span class='ocrx_word' id='word_1_10' title='bbox 1289 629 1401 714; x_wconf 84' lang='lat' dir='ltr'><strong>atque</strong></span> <span class='ocrx_word' id='word_1_11' title='bbox 1418 622 1578 715; x_wconf 86' lang='lat' dir='ltr'><strong>injuriam</strong></span> 
     </span>
     <span class='ocr_line' id='line_1_3' title="bbox 531 733 1580 828; baseline 0.006 -25"><span class='ocrx_word' id='word_1_12' title='bbox 531 733 712 826; x_wconf 74' lang='lat' dir='ltr'><strong>irrogares,</strong></span> <span class='ocrx_word' id='word_1_13' title='bbox 729 741 866 804; x_wconf 85' lang='lat' dir='ltr'><strong>etcum</strong></span> <span class='ocrx_word' id='word_1_14' title='bbox 889 733 1093 805; x_wconf 76' lang='lat' dir='ltr'><strong>detraheres</strong></span> <span class='ocrx_word' id='word_1_15' title='bbox 1115 735 1161 806; x_wconf 91' lang='lat' dir='ltr'><strong>de</strong></span> <span class='ocrx_word' id='word_1_16' title='bbox 1185 737 1342 828; x_wconf 86' lang='lat' dir='ltr'><strong>paternis</strong></span> <span class='ocrx_word' id='word_1_17' title='bbox 1366 739 1500 809; x_wconf 83' lang='lat' dir='ltr'><strong>nostris</strong></span> <span class='ocrx_word' id='word_1_18' title='bbox 1515 747 1580 808; x_wconf 85' lang='lat' dir='ltr'><strong>trs·</strong></span> 
     </span>
     <span class='ocr_line' id='line_1_4' title="bbox 531 849 1580 932; baseline 0.005 -12"><span class='ocrx_word' id='word_1_19' title='bbox 531 849 734 932; x_wconf 80' lang='lat' dir='ltr'><strong>ditionibus,</strong></span> <span class='ocrx_word' id='word_1_20' title='bbox 751 860 790 921; x_wconf 92' lang='lat' dir='ltr'><strong>et</strong></span> <span class='ocrx_word' id='word_1_21' title='bbox 806 873 889 921; x_wconf 89' lang='lat' dir='ltr'><strong>eum</strong></span> <span class='ocrx_word' id='word_1_22' title='bbox 906 850 1015 922; x_wconf 85' lang='lat' dir='ltr'><strong>velles</strong></span> <span class='ocrx_word' id='word_1_23' title='bbox 1042 850 1177 923; x_wconf 82' lang='lat' dir='ltr'><strong>animas</strong></span> <span class='ocrx_word' id='word_1_24' title='bbox 1205 851 1391 923; x_wconf 85' lang='lat' dir='ltr'><strong>hominum</strong></span> <span class='ocrx_word' id='word_1_25' title='bbox 1417 853 1513 925; x_wconf 89' lang='lat' dir='ltr'><strong>bene</strong></span> <span class='ocrx_word' id='word_1_26' title='bbox 1530 855 1580 924; x_wconf 91' lang='lat' dir='ltr'><strong>in-</strong></span> 
     </span>
     <span class='ocr_line' id='line_1_5' title="bbox 531 966 1581 1064; baseline 0.004 -27"><span class='ocrx_word' id='word_1_27' title='bbox 531 967 685 1048; x_wconf 83' lang='lat' dir='ltr'><strong>stitutas,</strong></span> <span class='ocrx_word' id='word_1_28' title='bbox 703 990 744 1039; x_wconf 87' lang='lat' dir='ltr'><strong>ao</strong></span> <span class='ocrx_word' id='word_1_29' title='bbox 761 966 924 1061; x_wconf 83' lang='lat' dir='ltr'><strong>diligenti</strong></span> <span class='ocrx_word' id='word_1_30' title='bbox 941 967 1083 1039; x_wconf 84' lang='lat' dir='ltr'><strong>cautela</strong></span> <span class='ocrx_word' id='word_1_31' title='bbox 1102 977 1259 1040; x_wconf 80' lang='lat' dir='ltr'><strong>servatas</strong></span> <span class='ocrx_word' id='word_1_32' title='bbox 1274 970 1491 1054; x_wconf 79' lang='lat' dir='ltr'><strong>interfluere,</strong></span> <span class='ocrx_word' id='word_1_33' title='bbox 1506 970 1581 1064; x_wconf 90' lang='lat' dir='ltr'><strong>qni·</strong></span> 
     </span>
     <span class='ocr_line' id='line_1_6' title="bbox 532 1081 1580 1177; baseline 0.003 -24"><span class='ocrx_word' id='word_1_34' title='bbox 532 1081 599 1154; x_wconf 87' lang='lat' dir='ltr'><strong>bus</strong></span> <span class='ocrx_word' id='word_1_35' title='bbox 624 1084 749 1176; x_wconf 90' lang='lat' dir='ltr'><strong>utique</strong></span> <span class='ocrx_word' id='word_1_36' title='bbox 771 1084 962 1176; x_wconf 88' lang='lat' dir='ltr'><strong>¹repensari</strong></span> <span class='ocrx_word' id='word_1_37' title='bbox 989 1106 1061 1154; x_wconf 92' lang='lat' dir='ltr'><strong>non</strong></span> <span class='ocrx_word' id='word_1_38' title='bbox 1085 1093 1233 1177; x_wconf 80' lang='lat' dir='ltr'><strong>pomnnt</strong></span> <span class='ocrx_word' id='word_1_39' title='bbox 1259 1086 1433 1157; x_wconf 72' lang='lat' dir='ltr'><strong>universe</strong></span> <span class='ocrx_word' id='word_1_40' title='bbox 1459 1086 1580 1156; x_wconf 90' lang='lat' dir='ltr'><strong>mundi</strong></span> 
     </span>
     <span class='ocr_line' id='line_1_7' title="bbox 532 1202 1582 1296; baseline 0.003 -23"><span class='ocrx_word' id='word_1_41' title='bbox 532 1202 679 1273; x_wconf 80' lang='lat' dir='ltr'><strong>divitiae.</strong></span> <span class='ocrx_word' id='word_1_42' title='bbox 732 1202 981 1274; x_wconf 77' lang='lat' dir='ltr'><strong>Veruntamen</strong></span> <span class='ocrx_word' id='word_1_43' title='bbox 1003 1205 1263 1296; x_wconf 87' lang='lat' dir='ltr'><strong>propterquod</strong></span> <span class='ocrx_word' id='word_1_44' title='bbox 1285 1206 1445 1288; x_wconf 77' lang='lat' dir='ltr'><strong>assumis,</strong></span> <span class='ocrx_word' id='word_1_45' title='bbox 1463 1229 1486 1275; x_wconf 94' lang='lat' dir='ltr'><strong>o</strong></span> <span class='ocrx_word' id='word_1_46' title='bbox 1502 1203 1582 1276; x_wconf 80' lang='lat' dir='ltr'><strong>Ms-</strong></span> 
     </span>
    </p>
   </div>
   <div class='ocr_carea' id='block_1_3' title="bbox 531 1318 1582 1995">
    <p class='ocr_par' dir='ltr' id='par_1_3' title="bbox 531 1318 1582 1995">
     <span class='ocr_line' id='line_1_8' title="bbox 532 1318 1582 1415; baseline 0.001 -25"><span class='ocrx_word' id='word_1_47' title='bbox 532 1318 690 1390; x_wconf 74' lang='lat' dir='ltr'><strong>nichae?</strong></span> <span class='ocrx_word' id='word_1_48' title='bbox 733 1318 829 1404; x_wconf 90' lang='lat' dir='ltr'><strong>Quid</strong></span> <span class='ocrx_word' id='word_1_49' title='bbox 846 1326 902 1390; x_wconf 89' lang='lat' dir='ltr'><strong>est</strong></span> <span class='ocrx_word' id='word_1_50' title='bbox 919 1319 1013 1410; x_wconf 91' lang='lat' dir='ltr'><strong>quod</strong></span> <span class='ocrx_word' id='word_1_51' title='bbox 1034 1318 1192 1391; x_wconf 79' lang='lat' dir='ltr'><strong>indieasi</strong></span> <span class='ocrx_word' id='word_1_52' title='bbox 1236 1318 1325 1404; x_wconf 78' lang='lat' dir='ltr'><strong>Que</strong></span> <span class='ocrx_word' id='word_1_53' title='bbox 1342 1318 1469 1392; x_wconf 79' lang='lat' dir='ltr'><strong>salutis</strong></span> <span class='ocrx_word' id='word_1_54' title='bbox 1484 1322 1582 1415; x_wconf 79' lang='lat' dir='ltr'><strong>signs</strong></span> 
     </span>
     <span class='ocr_line' id='line_1_9' title="bbox 532 1434 1582 1529; baseline 0.004 -25"><span class='ocrx_word' id='word_1_55' title='bbox 532 1434 578 1504; x_wconf 83' lang='lat' dir='ltr'><strong>ud</strong></span> <span class='ocrx_word' id='word_1_56' title='bbox 594 1456 659 1504; x_wconf 80' lang='lat' dir='ltr'><strong>noe</strong></span> <span class='ocrx_word' id='word_1_57' title='bbox 675 1434 821 1513; x_wconf 84' lang='lat' dir='ltr'><strong>deferas,</strong></span> <span class='ocrx_word' id='word_1_58' title='bbox 840 1434 974 1504; x_wconf 76' lang='lat' dir='ltr'><strong>dieitoi</strong></span> <span class='ocrx_word' id='word_1_59' title='bbox 1018 1434 1222 1529; x_wconf 72' lang='lat' dir='ltr'><strong>Verborum</strong></span> <span class='ocrx_word' id='word_1_60' title='bbox 1240 1436 1338 1506; x_wconf 93' lang='lat' dir='ltr'><strong>enim</strong></span> <span class='ocrx_word' id='word_1_61' title='bbox 1354 1436 1452 1507; x_wconf 87' lang='lat' dir='ltr'><strong>nuda</strong></span> <span class='ocrx_word' id='word_1_62' title='bbox 1469 1438 1582 1529; x_wconf 78' lang='lat' dir='ltr'><strong>jaets·</strong></span> 
     </span>
     <span class='ocr_line' id='line_1_10' title="bbox 532 1552 1582 1648; baseline 0.001 -25"><span class='ocrx_word' id='word_1_63' title='bbox 532 1555 584 1624; x_wconf 91' lang='lat' dir='ltr'><strong>tio</strong></span> <span class='ocrx_word' id='word_1_64' title='bbox 613 1576 683 1624; x_wconf 91' lang='lat' dir='ltr'><strong>non</strong></span> <span class='ocrx_word' id='word_1_65' title='bbox 713 1556 846 1648; x_wconf 92' lang='lat' dir='ltr'><strong>poterit</strong></span> <span class='ocrx_word' id='word_1_66' title='bbox 875 1555 1037 1646; x_wconf 73' lang='lat' dir='ltr'><strong>presenti</strong></span> <span class='ocrx_word' id='word_1_67' title='bbox 1065 1552 1287 1624; x_wconf 81' lang='lat' dir='ltr'><strong>multitudini</strong></span> <span class='ocrx_word' id='word_1_68' title='bbox 1313 1553 1524 1636; x_wconf 74' lang='lat' dir='ltr'><strong>mtisfoeere,</strong></span> <span class='ocrx_word' id='word_1_69' title='bbox 1541 1563 1582 1624; x_wconf 90' lang='lat' dir='ltr'><strong>nt</strong></span> 
     </span>
     <span class='ocr_line' id='line_1_11' title="bbox 531 1669 1581 1765; baseline -0.003 -23"><span class='ocrx_word' id='word_1_70' title='bbox 531 1680 726 1765; x_wconf 79' lang='lat' dir='ltr'><strong>agnoscant</strong></span> <span class='ocrx_word' id='word_1_71' title='bbox 760 1672 820 1763; x_wconf 91' lang='lat' dir='ltr'><strong>qui</strong></span> <span class='ocrx_word' id='word_1_72' title='bbox 859 1679 1018 1740; x_wconf 90' lang='lat' dir='ltr'><strong>nostrum</strong></span> <span class='ocrx_word' id='word_1_73' title='bbox 1059 1670 1191 1740; x_wconf 81' lang='lat' dir='ltr'><strong>rectius</strong></span> <span class='ocrx_word' id='word_1_74' title='bbox 1225 1669 1366 1740; x_wconf 91' lang='lat' dir='ltr'><strong>obtinet</strong></span> <span class='ocrx_word' id='word_1_75' title='bbox 1398 1669 1581 1739; x_wconf 86' lang='lat' dir='ltr'><strong>seientiam</strong></span> 
     </span>
     <span class='ocr_line' id='line_1_12' title="bbox 532 1784 1582 1879; baseline 0.001 -25"><span class='ocrx_word' id='word_1_76' title='bbox 532 1786 701 1858; x_wconf 80' lang='lat' dir='ltr'><strong>veritatis.</strong></span> <span class='ocrx_word' id='word_1_77' title='bbox 755 1785 899 1877; x_wconf 84' lang='lat' dir='ltr'><strong>Deque</strong></span> <span class='ocrx_word' id='word_1_78' title='bbox 917 1809 1003 1879; x_wconf 80' lang='lat' dir='ltr'><strong>ergo</strong></span> <span class='ocrx_word' id='word_1_79' title='bbox 1019 1786 1073 1857; x_wconf 82' lang='lat' dir='ltr'><strong>vis</strong></span> <span class='ocrx_word' id='word_1_80' title='bbox 1089 1808 1153 1856; x_wconf 91' lang='lat' dir='ltr'><strong>nos</strong></span> <span class='ocrx_word' id='word_1_81' title='bbox 1171 1785 1288 1878; x_wconf 87' lang='lat' dir='ltr'><strong>eapite</strong></span> <span class='ocrx_word' id='word_1_82' title='bbox 1305 1785 1498 1877; x_wconf 83' lang='lat' dir='ltr'><strong>disputare,</strong></span> <span class='ocrx_word' id='word_1_83' title='bbox 1514 1784 1582 1855; x_wconf 87' lang='lat' dir='ltr'><strong>hoe</strong></span> 
     </span>
     <span class='ocr_line' id='line_1_13' title="bbox 532 1900 1580 1995; baseline -0.001 -23"><span class='ocrx_word' id='word_1_84' title='bbox 532 1902 629 1994; x_wconf 91' lang='lat' dir='ltr'><strong>prius</strong></span> <span class='ocrx_word' id='word_1_85' title='bbox 645 1903 762 1985; x_wconf 88' lang='lat' dir='ltr'><strong>dieite,</strong></span> <span class='ocrx_word' id='word_1_86' title='bbox 781 1925 863 1973; x_wconf 89' lang='lat' dir='ltr'><strong>oum</strong></span> <span class='ocrx_word' id='word_1_87' title='bbox 886 1904 983 1995; x_wconf 90' lang='lat' dir='ltr'><strong>prius</strong></span> <span class='ocrx_word' id='word_1_88' title='bbox 1007 1902 1148 1973; x_wconf 89' lang='lat' dir='ltr'><strong>dieendi</strong></span> <span class='ocrx_word' id='word_1_89' title='bbox 1168 1903 1347 1994; x_wconf 80' lang='lat' dir='ltr'><strong>acceperis</strong></span> <span class='ocrx_word' id='word_1_90' title='bbox 1363 1900 1580 1973; x_wconf 84' lang='lat' dir='ltr'><strong>facultatem.</strong></span> 
     </span>
    </p>
   </div>
   <div class='ocr_carea' id='block_1_4' title="bbox 437 2016 1582 4203">
    <p class='ocr_par' dir='ltr' id='par_1_4' title="bbox 437 2016 1582 4203">
     <span class='ocr_line' id='line_1_14' title="bbox 534 2016 1580 2110; baseline 0 -22"><span class='ocrx_word' id='word_1_91' title='bbox 534 2016 672 2089; x_wconf 72' lang='lat' dir='ltr'><strong>Manus</strong></span> <span class='ocrx_word' id='word_1_92' title='bbox 697 2038 813 2101; x_wconf 84' lang='lat' dir='ltr'><strong>nrxrr,</strong></span> <span class='ocrx_word' id='word_1_93' title='bbox 832 2019 872 2091; x_wconf 88' lang='lat' dir='ltr'><strong>Si</strong></span> <span class='ocrx_word' id='word_1_94' title='bbox 898 2040 969 2090; x_wconf 93' lang='lat' dir='ltr'><strong>non</strong></span> <span class='ocrx_word' id='word_1_95' title='bbox 994 2019 1125 2089; x_wconf 89' lang='lat' dir='ltr'><strong>iterum</strong></span> <span class='ocrx_word' id='word_1_96' title='bbox 1151 2018 1215 2100; x_wconf 86' lang='lat' dir='ltr'><strong>his,</strong></span> <span class='ocrx_word' id='word_1_97' title='bbox 1233 2040 1312 2110; x_wconf 86' lang='lat' dir='ltr'><strong>quoe</strong></span> <span class='ocrx_word' id='word_1_98' title='bbox 1328 2040 1351 2088; x_wconf 88' lang='lat' dir='ltr'><strong>a</strong></span> <span class='ocrx_word' id='word_1_99' title='bbox 1366 2017 1471 2088; x_wconf 88' lang='lat' dir='ltr'><strong>nobis</strong></span> <span class='ocrx_word' id='word_1_100' title='bbox 1486 2026 1580 2088; x_wconf 84' lang='lat' dir='ltr'><strong>reete</strong></span> 
     </span>
     <span class='ocr_line' id='line_1_15' title="bbox 532 2132 1581 2218; baseline 0 -14"><span class='ocrx_word' id='word_1_101' title='bbox 532 2134 707 2216; x_wconf 80' lang='lat' dir='ltr'><strong>dicuntur,</strong></span> <span class='ocrx_word' id='word_1_102' title='bbox 735 2134 927 2205; x_wconf 89' lang='lat' dir='ltr'><strong>infideliter</strong></span> <span class='ocrx_word' id='word_1_103' title='bbox 956 2134 1097 2215; x_wconf 87' lang='lat' dir='ltr'><strong>resistis,</strong></span> <span class='ocrx_word' id='word_1_104' title='bbox 1128 2133 1263 2218; x_wconf 81' lang='lat' dir='ltr'><strong>dieam3</strong></span> <span class='ocrx_word' id='word_1_105' title='bbox 1290 2135 1319 2204; x_wconf 87' lang='lat' dir='ltr'><strong>si</strong></span> <span class='ocrx_word' id='word_1_106' title='bbox 1349 2143 1473 2204; x_wconf 85' lang='lat' dir='ltr'><strong>autem</strong></span> <span class='ocrx_word' id='word_1_107' title='bbox 1501 2132 1581 2204; x_wconf 75' lang='lat' dir='ltr'><strong>telis</strong></span> 
     </span>
     <span class='ocr_line' id='line_1_16' title="bbox 532 2248 1582 2341; baseline 0 -21"><span class='ocrx_word' id='word_1_108' title='bbox 532 2249 664 2331; x_wconf 86' lang='lat' dir='ltr'><strong>existis,</strong></span> <span class='ocrx_word' id='word_1_109' title='bbox 683 2248 824 2341; x_wconf 85' lang='lat' dir='ltr'><strong>qualem</strong></span> <span class='ocrx_word' id='word_1_110' title='bbox 842 2258 879 2319; x_wconf 93' lang='lat' dir='ltr'><strong>te</strong></span> <span class='ocrx_word' id='word_1_111' title='bbox 898 2249 993 2341; x_wconf 89' lang='lat' dir='ltr'><strong>prius</strong></span> <span class='ocrx_word' id='word_1_112' title='bbox 1010 2249 1112 2329; x_wconf 90' lang='lat' dir='ltr'><strong>sensi,</strong></span> <span class='ocrx_word' id='word_1_113' title='bbox 1130 2248 1246 2320; x_wconf 85' lang='lat' dir='ltr'><strong>dicam</strong></span> <span class='ocrx_word' id='word_1_114' title='bbox 1263 2250 1431 2321; x_wconf 82' lang='lat' dir='ltr'><strong>adversus</strong></span> <span class='ocrx_word' id='word_1_115' title='bbox 1447 2249 1582 2320; x_wconf 92' lang='lat' dir='ltr'><strong>Diodo-</strong></span> 
     </span>
     <span class='ocr_line' id='line_1_17' title="bbox 532 2364 1582 2456; baseline 0.001 -20"><span class='ocrx_word' id='word_1_116' title='bbox 532 2387 620 2448; x_wconf 90' lang='lat' dir='ltr'><strong>rum,</strong></span> <span class='ocrx_word' id='word_1_117' title='bbox 655 2364 834 2436; x_wconf 83' lang='lat' dir='ltr'><strong>declinans</strong></span> <span class='ocrx_word' id='word_1_118' title='bbox 868 2365 1150 2456; x_wconf 87' lang='lat' dir='ltr'><strong>inquietudinem</strong></span> <span class='ocrx_word' id='word_1_119' title='bbox 1187 2376 1298 2437; x_wconf 91' lang='lat' dir='ltr'><strong>tuam.</strong></span> <span class='ocrx_word' id='word_1_120' title='bbox 1354 2365 1582 2438; x_wconf 71' lang='lat' dir='ltr'><strong>Ancnmnm</strong></span> 
     </span>
     <span class='ocr_line' id='line_1_18' title="bbox 532 2481 1580 2574; baseline 0.001 -22"><span class='ocrx_word' id='word_1_121' title='bbox 532 2501 647 2565; x_wconf 82' lang='lat' dir='ltr'><strong>nrxrr,</strong></span> <span class='ocrx_word' id='word_1_122' title='bbox 668 2481 825 2553; x_wconf 86' lang='lat' dir='ltr'><strong>Praedixi</strong></span> <span class='ocrx_word' id='word_1_123' title='bbox 843 2483 930 2573; x_wconf 83' lang='lat' dir='ltr'><strong>jam,</strong></span> <span class='ocrx_word' id='word_1_124' title='bbox 948 2483 1042 2574; x_wconf 95' lang='lat' dir='ltr'><strong>quod</strong></span> <span class='ocrx_word' id='word_1_125' title='bbox 1065 2482 1246 2552; x_wconf 80' lang='lat' dir='ltr'><strong>abutimur</strong></span> <span class='ocrx_word' id='word_1_126' title='bbox 1266 2483 1440 2554; x_wconf 89' lang='lat' dir='ltr'><strong>inanitate</strong></span> <span class='ocrx_word' id='word_1_127' title='bbox 1458 2483 1580 2554; x_wconf 80' lang='lat' dir='ltr'><strong>verbo·</strong></span> 
     </span>
     <span class='ocr_line' id='line_1_19' title="bbox 532 2597 1581 2690; baseline 0 -21"><span class='ocrx_word' id='word_1_128' title='bbox 532 2620 623 2669; x_wconf 89' lang='lat' dir='ltr'><strong>rum.</strong></span> <span class='ocrx_word' id='word_1_129' title='bbox 675 2597 713 2669; x_wconf 89' lang='lat' dir='ltr'><strong>Si</strong></span> <span class='ocrx_word' id='word_1_130' title='bbox 740 2601 819 2690; x_wconf 87' lang='lat' dir='ltr'><strong>quis</strong></span> <span class='ocrx_word' id='word_1_131' title='bbox 836 2602 1013 2669; x_wconf 69' lang='lat' dir='ltr'><strong>‘nostrum</strong></span> <span class='ocrx_word' id='word_1_132' title='bbox 1040 2599 1203 2670; x_wconf 87' lang='lat' dir='ltr'><strong>resistere</strong></span> <span class='ocrx_word' id='word_1_133' title='bbox 1229 2597 1421 2669; x_wconf 87' lang='lat' dir='ltr'><strong>infideliter</strong></span> <span class='ocrx_word' id='word_1_134' title='bbox 1446 2598 1581 2670; x_wconf 85' lang='lat' dir='ltr'><strong>inveni·</strong></span> 
     </span>
     <span class='ocr_line' id='line_1_20' title="bbox 532 2711 1579 2805; baseline 0.001 -22"><span class='ocrx_word' id='word_1_135' title='bbox 532 2722 600 2796; x_wconf 91' lang='lat' dir='ltr'><strong>tur,</strong></span> <span class='ocrx_word' id='word_1_136' title='bbox 625 2711 814 2783; x_wconf 86' lang='lat' dir='ltr'><strong>Judioibus</strong></span> <span class='ocrx_word' id='word_1_137' title='bbox 843 2713 917 2783; x_wconf 87' lang='lat' dir='ltr'><strong>hoeo</strong></span> <span class='ocrx_word' id='word_1_138' title='bbox 946 2714 1117 2805; x_wconf 86' lang='lat' dir='ltr'><strong>permitte</strong></span> <span class='ocrx_word' id='word_1_139' title='bbox 1146 2715 1364 2797; x_wconf 87' lang='lat' dir='ltr'><strong>disoernere;</strong></span> <span class='ocrx_word' id='word_1_140' title='bbox 1391 2724 1432 2784; x_wconf 91' lang='grc' dir='ltr'><strong>ιιι</strong></span> <span class='ocrx_word' id='word_1_141' title='bbox 1459 2723 1579 2785; x_wconf 88' lang='lat' dir='ltr'><strong>autem</strong></span> 
     </span>
     <span class='ocr_line' id='line_1_21' title="bbox 437 2827 1579 2920; baseline 0.003 -24"><span class='ocrx_word' id='word_1_142' title='bbox 437 2881 441 2886; x_wconf 86' lang='lat'>.</span> <span class='ocrx_word' id='word_1_143' title='bbox 532 2827 615 2920; x_wconf 86' lang='lat' dir='ltr'><strong>quid</strong></span> <span class='ocrx_word' id='word_1_144' title='bbox 643 2851 786 2910; x_wconf 87' lang='lat' dir='ltr'><strong>asseras,</strong></span> <span class='ocrx_word' id='word_1_145' title='bbox 809 2829 929 2898; x_wconf 85' lang='lat' dir='ltr'><strong>dicito.</strong></span> <span class='ocrx_word' id='word_1_146' title='bbox 980 2827 1118 2898; x_wconf 74' lang='lat' dir='ltr'><strong>Manus</strong></span> <span class='ocrx_word' id='word_1_147' title='bbox 1144 2848 1261 2911; x_wconf 81' lang='lat' dir='ltr'><strong>nrxrr,</strong></span> <span class='ocrx_word' id='word_1_148' title='bbox 1288 2828 1326 2899; x_wconf 90' lang='lat' dir='ltr'><strong>Si</strong></span> <span class='ocrx_word' id='word_1_149' title='bbox 1356 2852 1427 2898; x_wconf 91' lang='lat' dir='ltr'><strong>non</strong></span> <span class='ocrx_word' id='word_1_150' title='bbox 1449 2831 1579 2901; x_wconf 88' lang='lat' dir='ltr'><strong>iterum</strong></span> 
     </span>
     <span class='ocr_line' id='line_1_22' title="bbox 532 2944 1581 3034; baseline 0.004 -22"><span class='ocrx_word' id='word_1_151' title='bbox 532 2945 665 3013; x_wconf 87' lang='lat' dir='ltr'><strong>resistis</strong></span> <span class='ocrx_word' id='word_1_152' title='bbox 687 2944 749 3024; x_wconf 87' lang='lat' dir='ltr'><strong>his,</strong></span> <span class='ocrx_word' id='word_1_153' title='bbox 775 2967 852 3034; x_wconf 83' lang='lat' dir='ltr'><strong>quoe</strong></span> <span class='ocrx_word' id='word_1_154' title='bbox 883 2967 904 3013; x_wconf 90' lang='lat' dir='ltr'><strong>a</strong></span> <span class='ocrx_word' id='word_1_155' title='bbox 933 2966 992 3012; x_wconf 91' lang='lat' dir='ltr'><strong>me</strong></span> <span class='ocrx_word' id='word_1_156' title='bbox 1022 2945 1151 3014; x_wconf 88' lang='lat' dir='ltr'><strong>iterum</strong></span> <span class='ocrx_word' id='word_1_157' title='bbox 1180 2954 1276 3014; x_wconf 89' lang='lat' dir='ltr'><strong>recte</strong></span> <span class='ocrx_word' id='word_1_158' title='bbox 1300 2946 1479 3027; x_wconf 86' lang='lat' dir='ltr'><strong>dicuntur,</strong></span> <span class='ocrx_word' id='word_1_159' title='bbox 1495 2949 1581 3018; x_wconf 86' lang='lat' dir='ltr'><strong>inei·</strong></span> 
     </span>
     <span class='ocr_line' id='line_1_23' title="bbox 532 3059 1580 3151; baseline 0.004 -23"><span class='ocrx_word' id='word_1_160' title='bbox 532 3060 636 3151; x_wconf 88' lang='lat' dir='ltr'><strong>piam.</strong></span> <span class='ocrx_word' id='word_1_161' title='bbox 689 3059 914 3130; x_wconf 78' lang='lat' dir='ltr'><strong>Anonnnnus</strong></span> <span class='ocrx_word' id='word_1_162' title='bbox 943 3079 1060 3140; x_wconf 79' lang='lat' dir='ltr'><strong>nrxrn,</strong></span> <span class='ocrx_word' id='word_1_163' title='bbox 1092 3060 1130 3128; x_wconf 88' lang='lat' dir='ltr'><strong>Si</strong></span> <span class='ocrx_word' id='word_1_164' title='bbox 1161 3084 1231 3129; x_wconf 90' lang='lat' dir='ltr'><strong>non</strong></span> <span class='ocrx_word' id='word_1_165' title='bbox 1261 3060 1329 3131; x_wconf 84' lang='lat' dir='ltr'><strong>hoe</strong></span> <span class='ocrx_word' id='word_1_166' title='bbox 1359 3071 1424 3143; x_wconf 88' lang='lat' dir='ltr'><strong>est,</strong></span> <span class='ocrx_word' id='word_1_167' title='bbox 1450 3064 1480 3132; x_wconf 86' lang='lat' dir='ltr'><strong>si</strong></span> <span class='ocrx_word' id='word_1_168' title='bbox 1511 3086 1580 3132; x_wconf 91' lang='lat' dir='ltr'><strong>nou</strong></span> 
     </span>
     <span class='ocr_line' id='line_1_24' title="bbox 533 3174 1580 3274; baseline 0.005 -29"><span class='ocrx_word' id='word_1_169' title='bbox 533 3174 631 3256; x_wconf 90' lang='lat' dir='ltr'><strong>illud,</strong></span> <span class='ocrx_word' id='word_1_170' title='bbox 658 3198 773 3245; x_wconf 89' lang='lat' dir='ltr'><strong>sermo</strong></span> <span class='ocrx_word' id='word_1_171' title='bbox 799 3188 854 3246; x_wconf 87' lang='lat' dir='ltr'><strong>est</strong></span> <span class='ocrx_word' id='word_1_172' title='bbox 884 3176 1036 3246; x_wconf 90' lang='lat' dir='ltr'><strong>hominis</strong></span> <span class='ocrx_word' id='word_1_173' title='bbox 1065 3177 1268 3269; x_wconf 85' lang='lat' dir='ltr'><strong>ignorantis.</strong></span> <span class='ocrx_word' id='word_1_174' title='bbox 1319 3176 1467 3271; x_wconf 84' lang='lat' dir='ltr'><strong>Ignoras</strong></span> <span class='ocrx_word' id='word_1_175' title='bbox 1497 3203 1580 3274; x_wconf 85' lang='lat' dir='ltr'><strong>ergo</strong></span> 
     </span>
     <span class='ocr_line' id='line_1_25' title="bbox 533 3291 1580 3385; baseline 0.007 -25"><span class='ocrx_word' id='word_1_176' title='bbox 533 3293 626 3384; x_wconf 89' lang='lat' dir='ltr'><strong>quod</strong></span> <span class='ocrx_word' id='word_1_177' title='bbox 651 3292 809 3361; x_wconf 90' lang='lat' dir='ltr'><strong>futurum</strong></span> <span class='ocrx_word' id='word_1_178' title='bbox 837 3304 900 3362; x_wconf 90' lang='lat' dir='ltr'><strong>est.</strong></span> <span class='ocrx_word' id='word_1_179' title='bbox 953 3291 1026 3362; x_wconf 90' lang='lat' dir='ltr'><strong>Sed</strong></span> <span class='ocrx_word' id='word_1_180' title='bbox 1048 3292 1117 3362; x_wconf 87' lang='lat' dir='ltr'><strong>hoe</strong></span> <span class='ocrx_word' id='word_1_181' title='bbox 1143 3295 1237 3385; x_wconf 93' lang='lat' dir='ltr'><strong>quod</strong></span> <span class='ocrx_word' id='word_1_182' title='bbox 1263 3294 1422 3364; x_wconf 87' lang='lat' dir='ltr'><strong>futurum</strong></span> <span class='ocrx_word' id='word_1_183' title='bbox 1448 3298 1510 3378; x_wconf 86' lang='lat' dir='ltr'><strong>ais,</strong></span> <span class='ocrx_word' id='word_1_184' title='bbox 1528 3320 1580 3367; x_wconf 90' lang='lat' dir='ltr'><strong>re-</strong></span> 
     </span>
     <span class='ocr_line' id='line_1_26' title="bbox 532 3410 1579 3504; baseline 0.003 -26"><span class='ocrx_word' id='word_1_185' title='bbox 532 3411 655 3479; x_wconf 88' lang='lat' dir='ltr'><strong>sistere</strong></span> <span class='ocrx_word' id='word_1_186' title='bbox 680 3430 747 3490; x_wconf 88' lang='lat' dir='ltr'><strong>mo,</strong></span> <span class='ocrx_word' id='word_1_187' title='bbox 766 3418 828 3479; x_wconf 84' lang='lat' dir='ltr'><strong>eut</strong></span> <span class='ocrx_word' id='word_1_188' title='bbox 856 3432 926 3478; x_wconf 92' lang='lat' dir='ltr'><strong>non</strong></span> <span class='ocrx_word' id='word_1_189' title='bbox 954 3410 1126 3493; x_wconf 87' lang='lat' dir='ltr'><strong>resistere,</strong></span> <span class='ocrx_word' id='word_1_190' title='bbox 1143 3411 1181 3479; x_wconf 95' lang='lat' dir='ltr'><strong>in</strong></span> <span class='ocrx_word' id='word_1_191' title='bbox 1206 3432 1287 3481; x_wconf 88' lang='lat' dir='ltr'><strong>mea</strong></span> <span class='ocrx_word' id='word_1_192' title='bbox 1311 3420 1366 3481; x_wconf 94' lang='lat' dir='ltr'><strong>est</strong></span> <span class='ocrx_word' id='word_1_193' title='bbox 1391 3423 1579 3504; x_wconf 80' lang='lat' dir='ltr'><strong>potestate.</strong></span> 
     </span>
     <span class='ocr_line' id='line_1_27' title="bbox 534 3526 1579 3618; baseline 0.005 -23"><span class='ocrx_word' id='word_1_194' title='bbox 534 3527 721 3609; x_wconf 88' lang='lat' dir='ltr'><strong>Quomodo</strong></span> <span class='ocrx_word' id='word_1_195' title='bbox 739 3548 823 3618; x_wconf 86' lang='lat' dir='ltr'><strong>ergo</strong></span> <span class='ocrx_word' id='word_1_196' title='bbox 840 3526 949 3596; x_wconf 88' lang='lat' dir='ltr'><strong>stabit</strong></span> <span class='ocrx_word' id='word_1_197' title='bbox 969 3549 1084 3597; x_wconf 89' lang='lat' dir='ltr'><strong>sermo</strong></span> <span class='ocrx_word' id='word_1_198' title='bbox 1102 3526 1163 3596; x_wconf 87' lang='lat' dir='ltr'><strong>ilie</strong></span> <span class='ocrx_word' id='word_1_199' title='bbox 1181 3527 1330 3596; x_wconf 90' lang='lat' dir='ltr'><strong>duarum</strong></span> <span class='ocrx_word' id='word_1_200' title='bbox 1348 3528 1526 3614; x_wconf 83' lang='lat' dir='ltr'><strong>arborum,</strong></span> <span class='ocrx_word' id='word_1_201' title='bbox 1543 3531 1579 3600; x_wconf 93' lang='lat' dir='ltr'><strong>in</strong></span> 
     </span>
     <span class='ocr_line' id='line_1_28' title="bbox 533 3641 1580 3734; baseline 0.005 -23"><span class='ocrx_word' id='word_1_202' title='bbox 533 3665 603 3734; x_wconf 93' lang='lat' dir='ltr'><strong>quo</strong></span> <span class='ocrx_word' id='word_1_203' title='bbox 621 3643 709 3724; x_wconf 86' lang='lat' dir='ltr'><strong>fidis,</strong></span> <span class='ocrx_word' id='word_1_204' title='bbox 728 3641 837 3711; x_wconf 90' lang='lat' dir='ltr'><strong>veluti</strong></span> <span class='ocrx_word' id='word_1_205' title='bbox 857 3651 957 3712; x_wconf 88' lang='lat' dir='ltr'><strong>scuto</strong></span> <span class='ocrx_word' id='word_1_206' title='bbox 974 3642 1197 3712; x_wconf 73' lang='lat' dir='ltr'><strong>firmissimo?</strong></span> <span class='ocrx_word' id='word_1_207' title='bbox 1228 3642 1266 3713; x_wconf 88' lang='lat' dir='ltr'><strong>Si</strong></span> <span class='ocrx_word' id='word_1_208' title='bbox 1285 3644 1378 3713; x_wconf 90' lang='lat' dir='ltr'><strong>enim</strong></span> <span class='ocrx_word' id='word_1_209' title='bbox 1398 3646 1580 3716; x_wconf 76' lang='lat' dir='ltr'><strong>contrarie</strong></span> 
     </span>
     <span class='ocr_line' id='line_1_29' title="bbox 532 3759 1580 3854; baseline 0.003 -25"><span class='ocrx_word' id='word_1_210' title='bbox 532 3760 640 3851; x_wconf 84' lang='lat' dir='ltr'><strong>portis</strong></span> <span class='ocrx_word' id='word_1_211' title='bbox 657 3781 724 3852; x_wconf 86' lang='lat' dir='ltr'><strong>ego</strong></span> <span class='ocrx_word' id='word_1_212' title='bbox 748 3780 834 3840; x_wconf 88' lang='lat' dir='ltr'><strong>sum,</strong></span> <span class='ocrx_word' id='word_1_213' title='bbox 854 3759 1032 3848; x_wconf 92' lang='lat' dir='ltr'><strong>quomodo</strong></span> <span class='ocrx_word' id='word_1_214' title='bbox 1058 3759 1296 3829; x_wconf 87' lang='lat' dir='ltr'><strong>obedientiam</strong></span> <span class='ocrx_word' id='word_1_215' title='bbox 1325 3783 1440 3830; x_wconf 83' lang='lat' dir='ltr'><strong>meam</strong></span> <span class='ocrx_word' id='word_1_216' title='bbox 1467 3763 1580 3854; x_wconf 89' lang='lat' dir='ltr'><strong>requi·</strong></span> 
     </span>
     <span class='ocr_line' id='line_1_30' title="bbox 531 3875 1579 3968; baseline 0.006 -25"><span class='ocrx_word' id='word_1_217' title='bbox 531 3875 602 3945; x_wconf 70' lang='lat' dir='ltr'><strong>risi</strong></span> <span class='ocrx_word' id='word_1_218' title='bbox 644 3875 750 3958; x_wconf 88' lang='lat' dir='ltr'><strong>Quod</strong></span> <span class='ocrx_word' id='word_1_219' title='bbox 777 3876 805 3945; x_wconf 89' lang='lat' dir='ltr'><strong>si</strong></span> <span class='ocrx_word' id='word_1_220' title='bbox 832 3875 1042 3945; x_wconf 80' lang='lat' dir='ltr'><strong>obedientiae</strong></span> <span class='ocrx_word' id='word_1_221' title='bbox 1063 3876 1100 3944; x_wconf 92' lang='lat' dir='ltr'><strong>in</strong></span> <span class='ocrx_word' id='word_1_222' title='bbox 1123 3898 1182 3945; x_wconf 87' lang='lat' dir='ltr'><strong>me</strong></span> <span class='ocrx_word' id='word_1_223' title='bbox 1200 3885 1254 3946; x_wconf 89' lang='lat' dir='ltr'><strong>est</strong></span> <span class='ocrx_word' id='word_1_224' title='bbox 1274 3898 1384 3958; x_wconf 80' lang='lat' dir='ltr'><strong>mens,</strong></span> <span class='ocrx_word' id='word_1_225' title='bbox 1402 3879 1579 3968; x_wconf 90' lang='lat' dir='ltr'><strong>quomodo</strong></span> 
     </span>
     <span class='ocr_line' id='line_1_31' title="bbox 532 3990 1579 4082; baseline 0.005 -23"><span class='ocrx_word' id='word_1_226' title='bbox 532 3992 750 4082; x_wconf 81' lang='lat' dir='ltr'><strong>pertimescis</strong></span> <span class='ocrx_word' id='word_1_227' title='bbox 767 4014 812 4061; x_wconf 89' lang='lat' dir='ltr'><strong>ne</strong></span> <span class='ocrx_word' id='word_1_228' title='bbox 829 3990 1014 4061; x_wconf 70' lang='lat' dir='ltr'><strong>resistam?</strong></span> <span class='ocrx_word' id='word_1_229' title='bbox 1041 3990 1107 4062; x_wconf 91' lang='lat' dir='ltr'><strong>Ais</strong></span> <span class='ocrx_word' id='word_1_230' title='bbox 1125 3994 1219 4061; x_wconf 90' lang='lat' dir='ltr'><strong>enim</strong></span> <span class='ocrx_word' id='word_1_231' title='bbox 1238 3992 1321 4082; x_wconf 88' lang='lat' dir='ltr'><strong>quia</strong></span> <span class='ocrx_word' id='word_1_232' title='bbox 1336 3992 1471 4063; x_wconf 90' lang='lat' dir='ltr'><strong>malum</strong></span> <span class='ocrx_word' id='word_1_233' title='bbox 1491 4018 1579 4066; x_wconf 87' lang='lat' dir='ltr'><strong>sern-</strong></span> 
     </span>
     <span class='ocr_line' id='line_1_32' title="bbox 533 4106 1578 4203; baseline 0.005 -28"><span class='ocrx_word' id='word_1_234' title='bbox 533 4128 596 4196; x_wconf 88' lang='lat' dir='ltr'><strong>per</strong></span> <span class='ocrx_word' id='word_1_235' title='bbox 624 4117 808 4199; x_wconf 85' lang='lat' dir='ltr'><strong>permanet</strong></span> <span class='ocrx_word' id='word_1_236' title='bbox 837 4106 1039 4189; x_wconf 73' lang='lat' dir='ltr'><strong>malumst</strong></span> <span class='ocrx_word' id='word_1_237' title='bbox 1065 4108 1198 4179; x_wconf 90' lang='lat' dir='ltr'><strong>bonum</strong></span> <span class='ocrx_word' id='word_1_238' title='bbox 1229 4132 1368 4203; x_wconf 90' lang='lat' dir='ltr'><strong>semper</strong></span> <span class='ocrx_word' id='word_1_239' title='bbox 1396 4121 1578 4202; x_wconf 87' lang='lat' dir='ltr'><strong>permanet</strong></span> 
     </span>
    </p>
   </div>
   <div class='ocr_carea' id='block_1_5' title="bbox 815 4263 1296 4332">
    <p class='ocr_par' dir='ltr' id='par_1_5' title="bbox 815 4263 1296 4332">
     <span class='ocr_line' id='line_1_33' title="bbox 815 4263 1296 4332; baseline 0.002 -14"><span class='ocrx_word' id='word_1_240' title='bbox 815 4269 825 4305; x_wconf 69' lang='lat'><strong>²</strong></span> <span class='ocrx_word' id='word_1_241' title='bbox 840 4263 1003 4319; x_wconf 81' lang='lat' dir='ltr'><strong>Cesinensis</strong></span> <span class='ocrx_word' id='word_1_242' title='bbox 1017 4264 1118 4332; x_wconf 87' lang='lat' dir='ltr'><strong>codex,</strong></span> <span class='ocrx_word' id='word_1_243' title='bbox 1133 4273 1296 4321; x_wconf 78' lang='lat' dir='ltr'><strong>nostrorum.</strong></span> 
     </span>
    </p>
   </div>
   <div class='ocr_carea' id='block_1_6' title="bbox 907 4386 1202 4461">
    <p class='ocr_par' dir='ltr' id='par_1_6' title="bbox 907 4386 1202 4461">
     <span class='ocr_line' id='line_1_34' title="bbox 907 4386 1202 4461; baseline 0.014 -21"><span class='ocrx_word' id='word_1_244' title='bbox 907 4392 914 4415; x_wconf 90' lang='lat'><strong>¹</strong></span> <span class='ocrx_word' id='word_1_245' title='bbox 933 4386 1013 4458; x_wconf 86' lang='lat' dir='ltr'><strong>[For.</strong></span> <span class='ocrx_word' id='word_1_246' title='bbox 1028 4390 1202 4461; x_wconf 84' lang='lat' dir='ltr'><strong>repensare]</strong></span> 
     </span>
    </p>
   </div>
   <div class='ocr_carea' id='block_1_7' title="bbox 0 0 1956 5167">
    <p class='ocr_par' dir='ltr' id='par_1_7' title="bbox 0 0 1956 5167">
     <span class='ocr_line' id='line_1_35' title="bbox 0 0 1956 5167; baseline 0 0"><span class='ocrx_word' id='word_1_247' title='bbox 0 0 1956 5167; x_wconf 95' lang='lat' dir='ltr'><strong> </strong></span> 
     </span>
    </p>
   </div>
  </div>
 </body>
</html>
