3900 5167
818 449 1126 514 DISPUTATIO.
1432 448 1494 512 131

449 608 542 677 feste
559 606 659 676 vobis
685 605 853 675 indicavit
871 628 930 676 vas
953 604 1136 675 electionis
1153 603 1346 696 Apostolus
1364 602 1497 674 Paulus

448 726 581 806 dicens,
601 722 710 813 ιριιὶα
734 723 772 791 in
798 721 993 792 amissimis
1019 718 1225 815 temporibus
1250 719 1403 792 recedent
1420 721 1496 814 qai-

449 836 531 908 dam
547 836 665 931 ofide,
682 835 888 907 attendentes
907 832 1087 930 spiritibus
1111 833 1352 917 seductoribus,
1371 844 1402 904 et
1419 835 1497 905 doc-

450 952 557 1023 trim's
572 952 833 1034 demoniorum,
851 951 889 1021 in
906 948 1083 1045 hypocrisi
1107 950 1285 1021 mendacia
1302 948 1497 1044 thomiano,

450 1070 675 1141 cauteriatam
700 1065 856 1138 habentes
881 1067 1134 1149 comedentium,
1156 1064 1410 1161 prohibentium
1436 1091 1499 1137 ntr-

450 1184 539 1269 bere,
556 1183 725 1255 abstinere
739 1207 775 1255 se
791 1207 813 1254 a
830 1181 926 1266 cibis,
944 1206 1029 1277 qnos
1046 1181 1143 1253 Dens
1161 1184 1288 1254 creauit
1305 1182 1374 1254 uad
1384 1184 1499 1278 perci-

445 1301 614 1398 piendam
641 1325 717 1373 cum
739 1300 936 1398 pretiorum
962 1300 1095 1371 actione
1107 1299 1282 1393 fidelibus,
1303 1310 1335 1371 et
1360 1298 1415 1371 his
1440 1302 1502 1395 qai

451 1426 678 1517 copmooerant
702 1418 903 1497 veritotem;
928 1416 1091 1511 quoniam
1117 1416 1228 1486 omnis
1252 1425 1410 1487 ereatura
1429 1415 1502 1488 Dei

451 1534 540 1608 bona
565 1544 624 1617 est,
650 1543 681 1604 et
708 1531 800 1604 nihil
823 1530 1061 1627 obiciendam,
1087 1531 1179 1626 quod
1205 1556 1280 1603 cum
1304 1533 1501 1629 pretiorum

452 1652 586 1724 actione
596 1649 802 1744 percipitur.
842 1648 914 1719 Sed
932 1659 970 1719 et
988 1647 1141 1740 Spiritus
1159 1646 1387 1743 Evangelista
1405 1649 1503 1719 Mot-

453 1767 566 1838 thaeus
606 1766 795 1860 diligenter
833 1766 1046 1858 significavit
1081 1764 1225 1835 Domini
1269 1767 1378 1835 nostri
1413 1765 1501 1836 Jesu

454 1882 586 1953 Christi
611 1906 819 1965 sermonem,
834 1889 845 1918 ²
860 1880 977 1953 Videte
994 1905 1036 1952 ne
1049 1881 1126 1974 pais
1144 1904 1202 1953 ros
1217 1881 1377 1961 seducam
1404 1880 1504 1953 rnnhti

453 1999 544 2070 enim
562 1998 696 2071 sermm
713 2000 751 2068 in
768 1998 905 2069 nostine
922 2021 1005 2079 meo,
1024 1996 1181 2081 dieentes,
1195 1997 1272 2095 Epo
1289 2021 1364 2068 sam
1380 1995 1500 2071 Chris·

455 2126 531 2187 tus:
559 2124 591 2186 et
607 2114 730 2186 maltos
750 2112 918 2185 seducent.
970 2112 1074 2203 Quod
1095 2114 1128 2183 si
1144 2113 1246 2184 etiam
1264 2111 1392 2208 uliquis
1410 2113 1503 2186 uobis

454 2230 598 2313 dicerit,
614 2254 686 2302 ecce
710 2227 768 2301 hie
792 2238 840 2300 est
858 2226 1031 2313 Christro,
1049 2239 1109 2301 ont
1130 2253 1202 2300 ecce
1227 2228 1284 2312 ibi,
1303 2229 1408 2301 nolite
1429 2255 1502 2302 ere-

454 2346 545 2418 dere.
596 2345 779 2444 Erurpent
807 2347 897 2416 enim
915 2343 1012 2440 fahsi
1042 2344 1188 2429 Christi,
1214 2355 1269 2417 ¹et
1286 2345 1381 2441 sahsi
1405 2348 1503 2441 Apo-

454 2462 546 2547 stoli,
572 2473 604 2535 et
620 2462 717 2558 sobai
742 2459 937 2556 Propheta,
962 2470 994 2532 et
1023 2460 1154 2532 dabam
1181 2462 1281 2558 sipno
1309 2486 1442 2560 mopna,
1471 2472 1504 2535 et

450 2579 629 2678 prodipio,
655 2580 705 2651 ita
730 2588 769 2650 nt
794 2578 833 2648 in
857 2601 1009 2649 errorem
1036 2576 1210 2660 inducant,
1228 2578 1262 2648 si
1278 2587 1390 2672 potest
1405 2578 1502 2673 fieri,

455 2698 559 2768 etiam
576 2694 704 2767 electos.
746 2692 1004 2788 Ecceproediri
1020 2691 1122 2764 cobis.
1160 2692 1206 2766 Si
1222 2692 1378 2765 dicerint
1400 2691 1502 2776 nobis,

455 2836 529 2885 ecce
555 2812 591 2883 in
615 2811 745 2883 dmerto
758 2820 841 2882 est:
867 2807 972 2880 notite
997 2810 1104 2880 orire.
1154 2807 1200 2883 Si
1222 2809 1378 2883 dicerint
1401 2810 1502 2895 cobis,

456 2930 495 3000 in
516 2926 769 3024 penetralibns3
794 2924 900 2998 nolite
923 2924 1069 2998 credere.
1123 2926 1171 2996 Et
1196 2935 1277 3019 post
1299 2927 1368 2999 ists
1384 2930 1504 3000 omnia

456 3046 633 3127 mandato,
650 3045 718 3113 iste
733 3065 801 3113 nec
817 3043 955 3135 signnm
973 3043 1117 3134 quidem
1135 3040 1288 3134 aliquod,
1306 3052 1370 3113 aut
1387 3045 1503 3136 prodi·

455 3162 555 3254 gium
590 3159 702 3229 ullum
732 3157 929 3237 ostendens,
959 3179 1075 3247 neque
1105 3156 1314 3227 affinitatem
1348 3158 1503 3251 aliquem

499 3363 511 3404 t
532 3362 567 3419 ln
581 3362 707 3437 Vulgata
724 3363 809 3437 juxta
826 3380 950 3436 grecum
964 3368 1076 3417 textum
1090 3370 1143 3424 est,
1159 3360 1328 3436 loquentium,
1344 3359 1504 3428 habentium,

453 3461 662 3535 prohibentium.
705 3460 764 3515 Aut
785 3458 874 3533 igitur
893 3458 940 3515 hic
960 3457 1061 3514 eodem
1076 3458 1162 3514 modo
1175 3458 1338 3532 legendum,
1353 3465 1402 3513 aut
1416 3457 1504 3513 corri-

458 3559 594 3634 gendum,
611 3556 794 3632 prohibentes.
838 3555 896 3613 Sed
916 3556 990 3613 hanc
1010 3556 1160 3612 lectionem
1183 3555 1300 3629 antiqua
1323 3555 1408 3612 etiam
1430 3555 1505 3629 apud

458 3654 660 3712 Tertullianum
675 3653 768 3711 versio
782 3653 933 3728 improbat,
949 3672 1011 3728 quae
1026 3652 1157 3727 Vulgata
1179 3652 1233 3708 hac
1254 3652 1283 3707 in
1304 3660 1384 3726 parte
1405 3652 1505 3709 similis

459 3762 511 3810 est.

499 3861 517 3892 ¹¹
538 3850 572 3906 Iu
594 3850 744 3908 Catinensi
760 3858 814 3913 est,
834 3850 870 3905 ad
884 3849 1087 3925 perficiendoru.
1131 3847 1187 3903 Sed
1203 3846 1333 3921 Vulgatae
1354 3846 1505 3904 lectionem

461 3948 630 4004 substituere
644 3948 732 4005 satius
745 3948 836 4003 visum
851 3956 904 4003 est.
929 3947 1015 4020 (Mor
1029 3944 1183 4021 legendum
1197 3943 1309 4000 videtur
1322 3943 1454 4019 Spiritu.)

500 4055 516 4085 ¹
537 4044 635 4101 Verba
654 4044 710 4107 illa,
725 4052 752 4101 et
764 4044 838 4118 salsi
851 4044 984 4119 Apostoli,
1000 4044 1035 4099 ub
1049 4043 1202 4115 interprete
1225 4040 1354 4097 Archelai
1375 4040 1506 4098 videntur

463 4143 603 4217 adjuncta,
618 4142 813 4216 explicationis
827 4160 927 4204 causa:
950 4160 1016 4197 nam
1031 4159 1083 4197 nec
1097 4140 1126 4196 in
1140 4158 1245 4212 graecu,
1260 4157 1312 4195 nec
1327 4138 1355 4194 in
1370 4138 1505 4213 Vulgata,

464 4259 513 4297 nec
527 4241 603 4316 apud
617 4240 791 4315 cyprianum
805 4240 929 4314 aliosque
944 4239 1042 4295 Patres
1056 4238 1198 4312 leguntur.

531 4393 537 4415 ¹
559 4386 659 4443 rTim.
674 4387 711 4442 iv.
730 4404 812 4457 1-4.
976 4383 1073 4439 'Mat
1088 4381 1161 4437 xxiv.
1177 4399 1205 4452 4,
1223 4397 1249 4454 5.
1265 4389 1294 4436 et
1310 4381 1438 4452 23—26.
1560 4411 1562 4413 -
1585 4344 1590 4354 ι

960 4502 974 4539 s
992 4498 1009 4541 2
