3900 5167
452 449 514 516 162
679 449 931 515 ARCHELAI
955 449 1021 514 ΕΤ
1045 449 1266 516 MANETIS

449 624 569 696 vultus
586 625 682 717 ejus3
711 631 766 694 ¹'et
782 623 841 695 hio
852 621 959 696 Jesus
972 623 1134 696 Christus
1150 624 1328 696 Dominus
1343 622 1496 715 resplen-

449 742 528 813 duit
541 742 633 812 sicut
646 738 710 824 sol,
724 749 761 811 et
776 739 948 833 Discipuli
962 741 1041 834 ejus
1058 763 1129 810 non
1142 748 1308 833 poterant
1321 739 1496 832 ¹¹aspicere

449 860 486 928 in
510 857 640 927 faciem
665 857 741 949 ejus
765 866 909 949 propter
932 856 1081 951 gloriam
1099 856 1218 929 vultus
1241 858 1349 951 ipsius
1372 866 1412 928 et
1433 858 1499 926 im·

450 996 612 1044 mensum
636 973 779 1043 luminis
803 972 1037 1065 splendorem.
1089 974 1165 1045 'Ibi
1183 974 1328 1066 Moyses
1348 974 1499 1066 eosqui

449 1088 623 1159 ⁰vitnlum
641 1096 848 1170 statuerant,
866 1087 985 1181 gladio
1011 1090 1161 1181 dejecit;
1186 1099 1225 1159 et
1247 1088 1306 1160 hie
1323 1089 1500 1160 Dominus

449 1205 556 1277 Jesus
573 1206 632 1286 ait,
650 1211 662 1250 ³
678 1201 764 1274 Vcni
776 1201 933 1301 gladium
951 1205 1085 1276 mittere
1100 1228 1204 1300 cuper
1220 1214 1358 1287 terram
1377 1214 1411 1276 ct
1426 1202 1501 1274 rdi-

449 1320 565 1394 oiderc
593 1318 764 1391 hominem
798 1343 821 1390 a
851 1321 1015 1414 procimo
1050 1344 1123 1404 erto,
1158 1330 1196 1392 et
1229 1322 1375 1414 reliqua.
1426 1320 1501 1393 ⁴Ibi

453 1436 598 1530 Moyses
615 1438 675 1507 ain
693 1435 881 1531 caliginem
904 1437 1054 1508 nubium
1081 1459 1189 1529 aquas
1213 1437 1405 1508 ferentium
1426 1438 1501 1509 sins

451 1567 552 1625 metu
583 1553 755 1636 incessit;
793 1561 832 1623 et
861 1552 919 1623 hic
948 1550 1125 1625 Dominus
1155 1553 1261 1625 Jesus
1290 1577 1374 1625 cum
1405 1555 1501 1625 omni

451 1677 630 1763 potestate
655 1692 761 1763 super
785 1692 893 1762 aquas
918 1670 1125 1742 ambulavit.
1177 1669 1253 1741 ⁵Ibi
1272 1669 1418 1764 Moyses
1437 1672 1502 1741 im-

452 1788 589 1879 peravit
613 1786 724 1870 mari3
749 1795 788 1856 et
812 1785 871 1855 hic
895 1784 1070 1857 Dominus
1089 1782 1204 1869 Jesus,
1222 1809 1304 1856 cnm
1330 1797 1425 1857 esset
1446 1787 1502 1856 rin

452 1901 550 1984 mari,
568 1923 713 1994 surgens
730 1902 917 1993 imperavit
931 1903 1057 1985 ventis,
1071 1911 1109 1973 et
1126 1904 1225 1972 mari.
1263 1898 1338 1973 ⁶lbi
1358 1901 1502 1995 Moyses

452 2039 535 2087 cnm
560 2018 828 2111 impugnaretur
853 2018 1010 2089 extensis
1032 2018 1194 2088 manibus
1214 2018 1364 2089 certavit
1381 2017 1503 2087 adver-

452 2156 512 2206 sus
529 2131 726 2216 Amalech3
753 2144 790 2206 et
806 2134 865 2205 hic
883 2134 1059 2206 Dominus
1076 2134 1182 2206 Jesus
1207 2136 1425 2229 impugnatis
1441 2156 1503 2204 no·

452 2250 517 2332 bis,
547 2261 585 2320 et
619 2251 850 2343 pereuntibus
879 2250 1048 2322 violentia
1082 2250 1222 2321 erratici
1256 2251 1412 2344 spiritus,
1443 2251 1502 2343 qui

453 2390 549 2437 nune
566 2367 620 2436 'in
640 2366 748 2458 justis
774 2377 950 2459 operatur,
968 2367 1125 2438 extensis
1145 2367 1183 2436 in
1207 2389 1312 2437 cruce
1328 2365 1503 2450 manibus,

454 2483 604 2555 salntem
622 2483 731 2553 dedit.
783 2483 854 2553 Sed
872 2492 910 2554 et
926 2482 996 2554 alia
1016 2483 1131 2554 multa
1147 2492 1333 2576 praetereo,
1350 2481 1505 2554 dilectis·

454 2601 544 2671 sime
562 2598 728 2682 Diodore‚
747 2600 832 2670 dnm
855 2600 983 2671 festino
1008 2600 1054 2671 ad
1080 2608 1118 2670 te
1136 2598 1314 2671 tlibellum
1332 2597 1429 2670 hunc
1447 2620 1504 2669 ve-

454 2714 581 2786 lociter
613 2716 769 2800 mittere,
804 2739 882 2807 quae
912 2724 952 2785 tu
987 2739 1051 2808 pro
1086 2724 1149 2786 tua
1183 2715 1371 2808 prudentia
1402 2713 1505 2785 facile

455 2832 587 2924 poteris
612 2854 782 2923 reparare.
834 2829 958 2900 Scribe
981 2841 1104 2902 autem
1131 2831 1240 2901 umilri
1268 2855 1383 2913 omne,
1411 2830 1504 2923 quod

498 3074 513 3104 ¹¹
529 3064 619 3129 ldem,
635 3064 778 3138 respicere.
821 3063 905 3127 Mox,
920 3063 1012 3119 vultus
1025 3065 1090 3136 ejus.

498 3171 512 3202 ⁰
528 3161 627 3218 Codex
642 3161 761 3217 Bobien.
776 3160 889 3216 vitulum
895 3159 1034 3234 secernat.

499 3258 635 3315 PMelius
658 3258 790 3332 Vulgata,
805 3258 930 3332 separari
951 3258 1081 3314 hominem
1102 3259 1233 3314 adversus
1248 3267 1359 3333 putrem
1379 3277 1464 3322 suurn,
1479 3264 1506 3313 et

457 3354 575 3412 Tertull.
591 3357 687 3413 adver.
704 3356 858 3411 Gnosticos
873 3374 934 3429 cap.
955 3374 999 3411 10.
1015 3357 1134 3413 dividere
1147 3356 1280 3411 hominem
1294 3356 1344 3412 dre.

499 3453 676 3510 vssobiensis
693 3454 795 3519 codex,
811 3454 838 3508 in
853 3453 978 3529 caligine.

501 3560 512 3591 ¹
527 3550 607 3606 Idem
622 3550 722 3614 codex,
739 3551 766 3606 ia
780 3552 855 3606 navi.
901 3551 981 3624 (For.
996 3551 1211 3625 recipiendum.)

500 3647 627 3704 ⁸Codex
644 3648 801 3709 Bobiensis.
818 3646 845 3703 in
862 3648 932 3704 istis.
977 3648 1056 3721 (For.
1077 3648 1190 3723 legend.
1213 3648 1241 3703 in
1262 3647 1381 3720 injustia.
1425 3642 1506 3702 conf.

459 3747 533 3822 Eph.
549 3747 578 3805 ii.
596 3765 622 3803 2.
665 3747 709 3803 De
723 3746 835 3821 Moysis
854 3756 950 3803 autem
964 3755 994 3803 et
1008 3746 1125 3803 Domini
1139 3747 1157 3803 J
1159 3765 1208 3803 esu
1228 3745 1359 3802 manibus
1373 3743 1505 3808 extensis,

460 3846 563 3902 videsis
577 3846 633 3901 vol.
648 3845 686 3901 iii.
703 3845 854 3919 Reliquicr.
869 3864 897 3918 p.
910 3847 991 3919 472.)

501 3943 513 3983 t
527 3943 626 3999 Codex
641 3942 759 3999 Bobien.
777 3942 906 3998 velociter
920 3942 1047 3998 zibellum.

501 4050 517 4081 ¹²
532 4041 621 4107 Idem,
636 4040 710 4103 milti,
727 4040 908 4105 churiasisme,
924 4040 1102 4116 puidpocteu.

523 4214 529 4236 ¹
545 4206 617 4262 Mat.
633 4207 698 4262 xvii.
717 4225 742 4262 2.
908 4212 916 4234 ¹
932 4206 1021 4264 Exod.
1037 4205 1126 4263 xxxii.
1303 4202 1400 4259 ’Mat
1416 4220 1444 4258 x.
1459 4217 1504 4272 34.

460 4304 575 4359 ⁴Ex0d.
592 4304 667 4359 xxiv.
682 4306 710 4358 in
719 4305 784 4378 fine.
808 4303 881 4360 Mat.
897 4303 951 4359 xiv.
970 4317 1016 4378 25.
1100 4308 1108 4339 ⁵
1124 4301 1215 4358 Exod.
1233 4301 1285 4356 xiv.
1307 4299 1380 4356 Mat.
1394 4299 1449 4355 viii.
1461 4295 1504 4353 26.

461 4398 471 4429 ⁶
486 4402 576 4458 Exod.
592 4402 657 4457 xvii.
