3900 5167
533 459 597 521 118
754 456 1007 521 ARCHELAI
1039 458 1104 520 ET
1136 455 1358 520 MANETIS

533 636 608 698 tate
627 625 810 719 neglecta;
834 648 905 696 non
919 624 1033 695 solnm
1048 625 1135 715 ipsc,
1147 624 1210 694 sed
1223 630 1261 693 et
1273 644 1409 706 omnes,
1422 625 1483 715 qui
1497 646 1573 695 cum

533 765 576 813 eo
593 750 703 812 erant.
756 740 894 811 Verum
911 763 957 809 ne
981 749 1060 810 utar
1085 739 1244 831 longiore
1261 737 1424 821 circuito,
1440 738 1575 809 bravius

534 857 660 927 dicam.
713 857 824 927 Erant
857 855 1001 948 quidam
1036 854 1282 949 AEgyptiorum
1316 854 1469 925 admixti
1499 878 1576 926 cnm

533 970 664 1064 populo
689 973 815 1065 Moysi,
833 994 915 1042 cnm
941 972 988 1042 ab
1010 994 1053 1042 eo
1073 979 1255 1064 regeretur
1279 968 1433 1062 populus
1457 970 1496 1039 in
1520 970 1577 1039 de

534 1095 648 1168 serto;
674 1096 711 1156 et
728 1109 809 1156 cum
829 1085 973 1180 Moyses
990 1087 1125 1178 positus
1142 1095 1236 1156 esset
1252 1086 1289 1156 iu
1305 1094 1441 1168 monte,
1457 1108 1522 1178 pro
1538 1107 1579 1155 eo

534 1210 576 1270 ut
592 1202 767 1293 acciperet
785 1201 922 1294 legem3
944 1202 1133 1292 impatiens
1146 1200 1306 1295 populus,
1324 1211 1418 1270 Pnon
1435 1199 1508 1283 ille.
1522 1201 1580 1291 qui

535 1338 617 1385 vere
642 1325 718 1386 erat
745 1315 914 1397 Israelita,
936 1316 997 1385 sed
1022 1317 1084 1407 qui
1109 1338 1156 1386 ex
1173 1310 1356 1408 AEgyptiis
1381 1314 1498 1385 morat
1523 1314 1581 1383 ad·

534 1432 679 1512 mixtus,
715 1429 864 1500 vitulum
901 1431 967 1501 sibi
1002 1432 1187 1500 constituit
1222 1429 1352 1511 Deum,
1386 1429 1581 1501 wcuuduru

534 1544 721 1637 pristinum
752 1567 896 1626 morem,
927 1569 997 1637 quo
1029 1545 1187 1616 coluerat
1221 1545 1418 1627 simulacra,
1446 1546 1483 1615 in
1514 1569 1581 1637 qno

535 1683 600 1731 nec
626 1659 797 1730 scelerum
824 1683 944 1751 poenas
969 1661 1158 1753 aliquando
1184 1662 1413 1753 rependeret3
1439 1670 1477 1732 et
1503 1662 1582 1732 ideo

535 1772 703 1843 virtutem
727 1775 861 1864 peccati
890 1776 944 1843 sui
974 1776 1117 1866 penitus
1142 1774 1372 1867 ignorabant3
1397 1796 1476 1866 qua
1501 1797 1582 1844 cum

535 1909 710 1981 regressus
744 1889 944 1981 agnovisset
979 1889 1132 1982 Moyses,
1166 1893 1333 1982 praecepit
1363 1912 1424 1960 eos
1457 1888 1584 1983 gladiis

537 2003 712 2084 trucidari,
731 2026 775 2072 ex
800 2026 870 2094 quo
887 2003 1030 2074 initium
1052 2004 1185 2075 factum
1207 2017 1261 2075 ast
1284 2005 1415 2075 sentire
1437 2028 1500 2076 eos
1517 2007 1584 2075 rir-

536 2126 651 2187 tntem
674 2119 810 2209 peccati
834 2141 897 2209 per
913 2118 1030 2211 legem
1049 2118 1179 2212 Moysi,
1197 2130 1235 2189 et
1252 2129 1439 2212 propterea
1466 2117 1584 2191 Victor

532 2231 664 2325 peccati
679 2231 857 2323 appellata
873 2241 927 2302 est
946 2233 1015 2304 lex.

586 2344 757 2416 XXXII.
797 2346 853 2417 De
879 2370 922 2416 eo
954 2370 1046 2427 vero,
1071 2349 1164 2440 qnod
1191 2351 1227 2419 in
1258 2346 1453 2441 Evangelio
1478 2347 1586 2439 scrip-

537 2469 615 2530 tum
632 2470 699 2544 est,
719 2469 727 2496 ¹
746 2458 811 2532 Vor
829 2460 870 2530 de
888 2470 992 2554 patre
1009 2459 1161 2532 Diabolo
1181 2463 1270 2543 erlis,
1289 2461 1488 2553 etreliqua,
1506 2462 1585 2533 bre·

537 2577 628 2645 riter
642 2577 802 2661 dicimus,
820 2578 903 2667 quia
923 2586 978 2647 est
1001 2576 1174 2647 Diabolus
1199 2580 1383 2670 inoperans
1408 2579 1446 2647 in
1472 2576 1584 2659 nobis,

578 2772 593 2816 Ρ
608 2764 676 2819 Νοιι
690 2783 779 2838 panca
793 2764 940 2838 primitivae
957 2764 1091 2821 Ecclesia
1106 2764 1204 2820 Patres
1218 2783 1253 2819 ex
1265 2765 1283 2821 J
1285 2763 1429 2820 udaeorum
1444 2765 1584 2820 sententia

491 2899 496 2906 -
537 2860 732 2934 loquebantur.
755 2870 785 2916 ut
807 2880 843 2917 ex
864 2861 917 2929 his,
936 2881 998 2935 quae
1019 2862 1048 2916 in
1070 2862 1161 2934 capite
1181 2862 1319 2934 sequenti,
1335 2868 1364 2918 et
1386 2861 1422 2916 ad
1434 2860 1583 2935 'Ibeophili

538 2957 721 3013 Alexandrini
736 2958 955 3032 disputationem
970 2978 1035 3014 cum
1049 2956 1167 3014 Simone
1183 2957 1201 3013 J
1203 2958 1284 3014 udaeo
1298 2975 1359 3031 cap.
1374 2975 1420 3031 13.
1435 2957 1582 3014 adnotavi·

539 3073 611 3120 mus,
635 3054 726 3111 lucide
754 3062 877 3128 apparet.
921 3054 1015 3128 Hujus
1043 3054 1156 3128 generis
1184 3054 1269 3110 etiam
1298 3062 1351 3116 est,
1377 3053 1454 3127 quod
1480 3054 1528 3110 hic
1549 3054 1583 3109 de

538 3151 683 3226 AEgyptiis
700 3152 782 3208 vituli
802 3152 879 3207 aurei
900 3152 1152 3216 constructoribus,
1168 3160 1197 3208 et
1211 3144 1406 3209 adoratoribus
1426 3150 1515 3207 tradit
1529 3152 1581 3205 Ar-

538 3248 651 3304 chelaus
660 3272 668 3313 ;
690 3268 755 3304 nam
770 3250 800 3304 in
812 3249 945 3304 Scemoth
961 3248 1060 3305 Rabba
1074 3267 1139 3322 pag.
1155 3263 1222 3323 157.
1238 3249 1291 3305 col.
1312 3266 1336 3304 1.
1352 3249 1393 3304 Et
1407 3249 1455 3304 isti
1471 3251 1582 3321 (nempe

539 3344 668 3420 AEgyptii
684 3345 830 3420 proselyti)
839 3345 968 3418 fecerunt
989 3345 1109 3409 vitulum,
1126 3346 1187 3419 quic
1209 3344 1329 3401 colebant
1351 3343 1543 3408 idololatrium,
1557 3352 1582 3398 et

539 3444 585 3497 icti
597 3442 735 3516 fecerunt,
750 3451 776 3497 et
797 3443 824 3497 in
845 3461 925 3498 causo
938 3442 1110 3516 fuerentur
1125 3442 1243 3517 populus
1258 3450 1394 3517 peccaret.
1434 3441 1502 3496 Vide
1522 3441 1584 3516 quid

538 3540 667 3613 scriptum
684 3539 721 3594 cit
741 3539 835 3594 Eaeodr'
850 3556 896 3612 32.
915 3558 986 3595 verr.
1002 3558 1030 3610 4.
1067 3539 1132 3595 Non
1156 3548 1196 3595 est
1217 3541 1347 3614 scriptum
1372 3539 1424 3605 tic,
1444 3538 1503 3595 Isti
1522 3547 1582 3595 sunt

539 3635 591 3691 Dii
607 3636 703 3703 nostri,
720 3636 768 3691 red
788 3636 835 3691 isti
856 3644 918 3691 runt
940 3637 993 3692 Dii
1015 3638 1072 3692 tui:
1094 3638 1165 3711 quod
1173 3637 1318 3712 proselyti,
1343 3638 1389 3711 qui
1407 3654 1467 3692 cum
1485 3636 1583 3710 Moyse

539 3734 721 3795 ascenderunt,
743 3734 795 3807 ipsi
806 3733 936 3806 fecerunt
956 3733 1041 3797 illum,
1063 3742 1089 3788 et
1107 3734 1232 3789 diccunt
1252 3732 1365 3797 Israeli,
1387 3732 1436 3788 irti
1455 3740 1519 3788 runt
1532 3731 1583 3787 Dii

539 3832 587 3887 tui.
623 3829 732 3886 Idcirco
746 3830 824 3885 Deua
836 3839 947 3886 sanctus
968 3829 1119 3886 benedictus
1139 3830 1209 3885 dicit
1223 3830 1326 3903 Moysi,
1346 3828 1427 3893 Vade,
1447 3829 1581 3891 derceade

539 3929 602 4000 quic
616 3928 737 4002 corrupit
752 3926 870 4001 populus
883 3935 953 3982 tuuc.
997 3926 1070 3982 Vide
1090 3925 1272 3982 Salomonem
1285 3925 1391 3989 Jarchi,
1414 3926 1443 3981 in
1461 3926 1579 3982 eundem

540 4022 632 4078 Exodi
652 4023 745 4078 locum
763 4041 822 4078 ver.
846 4023 871 4077 8.
894 4024 976 4080 Aben
995 4024 1069 4079 Ezra
1088 4023 1155 4079 ibid.
1172 4043 1230 4079 ver.
1250 4041 1294 4079 22.
1318 4031 1347 4079 et
1362 4022 1580 4079 Abarbunellum

539 4119 606 4176 ibid.
620 4138 678 4175 ver.
693 4138 739 4175 11.
775 4121 815 4175 At
828 4119 874 4175 vel
888 4139 923 4176 ex
945 4120 1021 4176 nuda
1042 4120 1113 4176 sacri
1126 4121 1233 4177 Textus
1251 4122 1382 4185 lectione,
1398 4129 1427 4176 et
1441 4140 1476 4177 ex
1490 4120 1579 4176 LXX.

541 4215 728 4289 interpretum
742 4216 870 4272 versione
881 4217 953 4273 hanc
965 4218 1139 4273 Rabinorum
1151 4220 1341 4292 conjecturam
1353 4219 1435 4275 valde
1446 4219 1579 4274 incertam

539 4312 702 4386 futilemque
716 4331 778 4369 esse
792 4313 865 4369 clare
880 4313 1030 4388 colligitur.

940 4415 947 4438 ¹
961 4411 1045 4466 Joan.
1057 4411 1113 4466 viii.
1130 4428 1179 4483 44.
