3900 5167
822 460 1132 526 msPUTATlo.
1459 468 1502 534 79

451 632 571 703 simile
598 632 818 727 signaculum
847 633 1054 725 apparebit?
1081 634 1335 727 Nequaquam
1362 637 1499 708 etiamsi

453 770 519 819 vos
536 747 666 832 nolitis,
683 749 778 840 quod
794 770 916 818 rerum
939 760 1004 831 eat,
1022 751 1191 821 confiteri.
1243 751 1349 835 Quod
1375 754 1402 821 si
1430 776 1499 824 uon

454 887 578 936 sumus
602 864 734 936 similes
758 866 795 935 in
821 864 1011 958 signaculo,
1039 866 1100 935 sed
1131 877 1186 936 est
1211 868 1247 936 in
1275 867 1374 937 nobis
1400 862 1499 938 diffe-

455 982 589 1063 rentia3
623 981 800 1072 quomodo
830 1002 900 1050 non
930 981 1099 1073 probatur
1127 982 1331 1074 Principum
1361 1005 1435 1062 nos,
1463 994 1502 1054 et

455 1097 612 1166 materia
629 1118 705 1167 esse
721 1096 904 1177 facturam,
920 1097 1137 1167 ‘secundum
1150 1099 1244 1166 enim
1263 1099 1418 1190 ipsorum
1432 1100 1502 1168 for·

456 1234 563 1295 mam,
587 1223 625 1283 et
645 1212 924 1292 similitudinem,
942 1223 980 1282 et
1003 1214 1194 1305 imaginem
1217 1213 1325 1283 etiam
1352 1237 1415 1285 nos
1438 1237 1500 1285 ex·

455 1329 596 1398 istimus
613 1329 733 1398 formoe
750 1328 908 1398 direraae.
960 1327 1064 1411 Quod
1089 1329 1117 1397 si
1135 1350 1223 1409 eam,
1242 1351 1319 1420 quae
1336 1352 1382 1398 ex
1399 1329 1501 1399 initio

455 1444 552 1513 facta
568 1444 777 1513 commixtio
793 1452 858 1524 est,
875 1451 914 1512 et
930 1441 1082 1535 qualiter
1097 1442 1192 1513 facta
1211 1444 1268 1526 sit,
1286 1442 1393 1513 vultis
1410 1444 1502 1514 edis-

456 1581 548 1639 cere,
566 1559 713 1628 edicam.

507 1673 597 1744 XV.
618 1674 776 1745 duorcns
792 1693 994 1754 nlxaaurm,
1013 1674 1096 1742 Non
1121 1675 1215 1764 prius
1231 1674 1399 1765 queritur
1414 1698 1501 1765 quo-

455 1790 564 1860 modo
591 1790 685 1859 facta
713 1789 760 1859 sit
789 1790 902 1881 prima
931 1789 1148 1869 commixtio,
1176 1789 1243 1857 nisi
1274 1788 1369 1880 prius
1396 1789 1502 1860 detur

455 1906 557 1988 ratio,
575 1906 646 1975 duo
664 1927 741 1977 esse
766 1905 937 1997 principia
953 1903 1138 1974 naturalia.
1191 1903 1281 1973 Cum
1309 1906 1404 1974 enim
1430 1904 1501 1976 cla·

455 2022 567 2091 ruerit
593 2022 664 2091 duo
688 2042 764 2091 esse
790 2020 957 2113 ingenita,
982 2028 1067 2089 tunc
1093 2022 1200 2089 etiam
1230 2020 1366 2111 reliqua
1392 2021 1499 2091 fidem

455 2138 608 2228 capient,
636 2136 744 2207 etiam
772 2135 801 2205 si
831 2157 910 2227 pars
939 2135 1057 2226 aliqua
1086 2159 1155 2206 non
1181 2136 1500 2208 accommodaverit

455 2273 656 2323 assensum:
676 2251 859 2343 judicandi
886 2252 981 2322 enim
1007 2251 1108 2321 nobis
1132 2261 1308 2344 potestate
1333 2254 1501 2344 permissa

454 2366 625 2450 dicemus,
655 2368 748 2458 quod
783 2379 912 2439 nostrae
946 2367 1100 2459 opinioni
1135 2366 1311 2437 clamerit.
1364 2365 1502 2437 Demus

456 2491 578 2553 tamen
603 2493 641 2552 et
667 2481 842 2553 Archelao
867 2483 1006 2553 dicendi
1036 2481 1244 2551 facultatem
1273 2481 1318 2550 ad
1349 2480 1432 2562 haec,
1460 2490 1501 2551 ut

456 2620 535 2689 quae
560 2598 606 2669 ab
622 2607 775 2690 utroque
791 2598 887 2668 dicta
903 2596 1036 2668 fixerint
1057 2605 1310 2687 comparantes,
1331 2619 1394 2688 pro
1413 2597 1501 2666 reri·

456 2723 532 2783 tate
558 2714 730 2805 possimus
752 2714 843 2784 ferre
869 2713 1092 2783 sententiam.
1144 2708 1367 2782 decursurus
1383 2730 1499 2794 mxm,

455 2827 612 2898 Tametsi
638 2827 790 2921 ingentis
815 2827 968 2897 audaciae
994 2835 1032 2896 et
1062 2825 1286 2917 blasphemiae
1317 2825 1421 2917 plena
1445 2833 1501 2896 est

456 2943 609 3013 intentio
634 2944 830 3014 adversarii.
883 2941 1022 3013 Munus
1049 2961 1164 3024 nrxm,
1190 2940 1324 3011 Audite
1343 2939 1499 3024 Judices,

455 3053 557 3148 ‘quid
583 3058 722 3138 dixerit,
748 3057 960 3128 adversarii?
987 3057 1082 3150 Ergo
1099 3058 1180 3128 duae
1206 3078 1261 3126 res
1286 3065 1378 3126 sunt.
1426 3054 1501 3125 Aa·

456 3193 622 3244 mensus
639 3193 753 3254 u1x1r,
771 3171 920 3243 Insaniae
936 3173 1049 3266 magn's
1065 3195 1172 3264 quam
1189 3172 1385 3263 prudentie
1404 3172 1500 3240 vide-

456 3299 515 3359 tur
540 3288 627 3358 mihi
650 3288 775 3381 plenus
802 3290 882 3373 iste,
905 3289 964 3380 qui
989 3287 1077 3358 mihi
1100 3286 1206 3356 hodie
1227 3287 1498 3357 controversiam

455 3415 586 3486 movet,
612 3403 694 3495 quia
720 3403 842 3473 dixero
868 3401 1062 3473 adversarii
1073 3427 1084 3481 ;
1111 3403 1170 3472 sed
1202 3401 1321 3471 ablata
1349 3402 1415 3470 tibi
1445 3410 1501 3470 est

455 3521 491 3588 in
520 3520 660 3590 modico
688 3541 849 3590 sermone
879 3518 1050 3609 objectio:
1078 3518 1247 3587 stametsi
1276 3517 1419 3607 quidem
1453 3537 1499 3585 ex

494 3778 508 3810 θ
529 3769 564 3825 ln
578 3769 675 3826 codiee
690 3769 840 3825 Cusinensi
854 3778 925 3832 erat,
939 3769 988 3825 sed
1001 3768 1090 3824 Deum
1103 3766 1182 3831 enim,
1196 3764 1274 3821 nullo
1288 3782 1381 3827 sensu,
1396 3781 1449 3819 nos
1462 3780 1499 3819 ex

455 3864 578 3939 ingenio,
593 3874 625 3920 ut
639 3865 745 3922 editum
760 3874 814 3929 est,
826 3866 1009 3922 correximus.

493 3959 612 4026 'Forte
627 3963 698 4036 quod
706 3962 816 4024 deerit,
831 3961 875 4017 vel
890 3964 952 4035 quic
965 3962 1074 4018 dirmt

494 4068 511 4111 ε
528 4058 573 4114 lta
586 4058 662 4114 hunc
676 4059 769 4114 locum
785 4059 976 4121 restituimus;
1000 4077 1065 4113 nam
1080 4058 1109 4113 in
1123 4056 1220 4112 codice
1234 4054 1391 4127 legebatur.
1406 4052 1500 4109 tamrr'

458 4155 558 4227 quidem
578 4174 611 4210 et
631 4154 681 4211 hoc
701 4155 851 4212 arbitratus
870 4163 911 4209 ert
931 4172 960 4208 se
976 4154 1179 4227 (firmatarum.
1222 4147 1280 4204 Sed
1301 4166 1385 4220 supra
1399 4164 1499 4202 vocem

460 4261 519 4315 tum,
533 4251 660 4326 quaedsm
682 4252 785 4308 lineola
805 4252 893 4307 literae
914 4269 937 4314 c,
955 4249 1054 4305 similis
1074 4246 1235 4321 apparebat,
1250 4263 1334 4318 quem
1356 4240 1499 4317 particule

461 4356 493 4409 et,
505 4347 701 4422 compendium
716 4365 778 4404 esse
793 4346 962 4421 putavimus.
