3900 5167
533 442 597 506 184
756 443 1009 508 ARCHELAI
1038 446 1102 509 ET
1135 442 1354 510 MANETIS

531 619 653 698 cimus,
672 625 709 686 et
727 618 826 710 signa
842 626 880 686 et
897 618 1056 711 prodigia
1072 618 1236 700 facturos,
1256 618 1323 688 ¹ita
1348 628 1396 701 al,
1412 618 1446 687 si
1465 619 1576 713 posei-

530 730 789 816 belesarium
807 730 902 803 aleca
916 732 1133 804 seducamur.
1185 732 1275 815 Quis
1290 756 1376 827 ergo
1393 755 1431 806 es
1448 744 1501 814 tu,
1518 736 1577 825 qui

530 870 647 939 noque
664 850 914 919 'necessarium
933 849 1086 941 aliquem
1105 850 1222 920 locum
1236 851 1382 921 sortitus
1394 871 1433 920 en
1444 872 1469 921 a
1480 860 1577 942 patre

531 972 595 1033 tuo
609 963 766 1034 Satanal
795 963 1012 1056 Numquam
1025 974 1207 1035 mortuum
1222 965 1380 1046 suscitas,
1392 966 1489 1055 quod
1502 987 1579 1057 pro·

531 1077 678 1148 fluvium
697 1079 875 1171 sanguinis
892 1080 997 1160 sistis,
1017 1075 1118 1172 fquos
1139 1078 1216 1150 luto
1233 1079 1315 1150 caeci
1333 1078 1457 1149 oculos
1474 1078 1578 1150 illini·

479 1226 484 1235 ·
532 1204 587 1266 tos
606 1195 724 1265 videre
750 1194 859 1264 iacis?
885 1194 1037 1277 Quando
1054 1196 1268 1266 esurientem
1291 1194 1434 1265 turbam
1460 1196 1578 1287 paucis

531 1311 680 1404 panibus
697 1309 834 1380 reficis?
861 1309 933 1380 Ubi
952 1333 1057 1403 super
1072 1333 1181 1403 aquas
1206 1311 1348 1393 incedis,
1363 1319 1428 1380 aut
1446 1312 1527 1402 quis
1542 1320 1577 1380 te

532 1427 622 1497 vidit
638 1449 683 1495 ex
702 1427 768 1510 his,
785 1427 844 1516 qui
863 1426 900 1494 in
918 1425 1142 1497 Hierusalem
1161 1424 1346 1497 habitanti
1373 1424 1485 1496 Perea
1503 1427 1576 1496 bar·

531 1543 628 1627 bare,
652 1564 722 1611 non
744 1540 948 1611 Graecorum
975 1541 1115 1634 liuguae,
1139 1564 1209 1611 non
1231 1541 1494 1635 AEgyptiomm,
1510 1564 1577 1611 non

533 1659 786 1740 Romanorum,
813 1680 884 1726 nou
919 1657 1026 1727 ullius
1055 1657 1201 1728 alterius
1230 1656 1364 1751 linguae
1395 1658 1577 1729 scientiam

531 1774 662 1845 habere
679 1774 847 1865 potuisti3
870 1776 955 1844 &sed
973 1772 1224 1844 Chaldaeorum
1242 1773 1366 1856 solum,
1385 1797 1464 1865 quae
1480 1797 1528 1844 ne
1543 1776 1576 1855 in

531 1913 719 1960 numerum
747 1890 889 1981 quidem
920 1890 1075 1981 aliquem
1103 1891 1265 1970 ducitur3
1301 1888 1440 1959 nullum
1470 1890 1577 1962 alium

532 2006 737 2097 loquentem
762 2006 884 2075 audire
910 2016 1021 2098 potes.
1075 2004 1161 2075 Non
1179 2006 1230 2075 ita
1247 2004 1401 2097 Spiritus
1419 2004 1578 2087 Sanctus,

532 2122 624 2193 absit
646 2123 714 2192 hoc
741 2121 883 2204 malurn,
902 2123 963 2192 sed
991 2122 1153 2192 omnibus
1170 2121 1307 2205 dividit,
1325 2131 1363 2191 et
1380 2123 1501 2193 omnia
1518 2121 1578 2192 lin·

531 2261 680 2334 guarum
704 2261 834 2330 genera
850 2240 961 2320 novit,
979 2247 1017 2306 et
1037 2239 1196 2331 agnoscit
1219 2238 1391 2320 universa,
1411 2248 1450 2308 et
1467 2240 1577 2309 omni·

531 2357 598 2426 bus
615 2357 734 2426 omnia
751 2353 913 2436 efficitur,
931 2355 982 2424 ita
999 2365 1042 2424 ut
1058 2376 1141 2422 eum
1159 2354 1267 2423 etiam
1291 2354 1405 2424 cordis
1425 2355 1577 2448 cogitem

532 2496 603 2541 non
621 2471 765 2541 lateant.
792 2470 887 2553 Quid
906 2472 1001 2540 enim
1020 2471 1107 2540 dicit
1125 2469 1330 2562 Scriptura?
1355 2471 1460 2562 ⁸quia
1475 2493 1578 2541 unus·

532 2588 681 2680 quisque
707 2589 846 2679 propria
862 2609 926 2657 sua
943 2587 1064 2679 lingua
1081 2585 1249 2657 audiebat
1274 2608 1337 2678 per
1362 2584 1577 2657 Paraclitum

532 2704 703 2795 Spiritum
744 2703 929 2793 loquentes
963 2701 1165 2794 apostolos?
1203 2700 1275 2771 Sed
1309 2701 1393 2793 quid
1429 2703 1578 2795 amplius

534 2817 705 2890 hdicabo?
735 2819 851 2890 Barba
869 2820 1041 2889 Sacerdos
1060 2817 1215 2901 Mithrae,
1233 2827 1272 2887 ot
1289 2817 1451 2898 collusor,
1469 2819 1577 2889 solem

534 2948 672 3008 tantum
691 2937 785 3007 coles
804 2936 977 3005 Mithram
997 2931 1167 3004 ilocorum
1193 2935 1422 3027 mysticorum
1449 2934 1563 3006 illumi

574 3119 630 3176 fln
647 3121 803 3183 Casinensi,
819 3121 896 3183 Quod
909 3120 975 3175 luto.

573 3230 589 3272 a
604 3216 802 3272 Chaldaeorum
818 3215 955 3288 siquidem
969 3217 1096 3291 linguam
1112 3217 1235 3293 Syriacae
1251 3217 1401 3273 dialectum
1416 3236 1480 3274 esse
1493 3214 1579 3274 tradit

531 3312 732 3387 Abuliaragius
744 3313 772 3368 in
788 3312 917 3368 Historia
931 3313 1133 3388 Dynastiarum
1148 3335 1213 3390 pag.
1229 3333 1271 3371 ιι.

572 3409 587 3452 ¹1
610 3410 654 3466 lta
668 3411 696 3465 in
712 3410 809 3466 codice
825 3409 983 3476 casinensi,
999 3414 1074 3485 quod
1096 3422 1191 3470 tamen
1206 3412 1334 3469 nonnulli
1347 3412 1469 3469 fortasse
1484 3430 1577 3468 emen·

531 3510 653 3565 dandum
668 3518 801 3582 putarent
816 3510 869 3563 hoc
884 3519 978 3583 pacto,
997 3510 1069 3572 Quid
1084 3512 1201 3587 arrrplias
1215 3511 1330 3566 dicam.9
1351 3509 1485 3566 Barbare.
1524 3507 1579 3564 Sed

529 3607 590 3662 fieri
605 3615 708 3679 potest,
724 3616 755 3661 ut
770 3606 857 3662 verbo
874 3608 965 3662 dicare
987 3626 1054 3663 usus
1075 3609 1112 3664 sit
1131 3608 1208 3664 rudis
1229 3608 1368 3680 interpres
1389 3626 1441 3681 pro
1461 3614 1576 3664 conten-

529 3704 605 3767 dere,
621 3703 711 3759 dicam
728 3705 848 3767 trahere,
864 3704 909 3760 vel
930 3704 1056 3761 dicacem
1077 3725 1148 3761 esse.
1181 3706 1263 3777 (Fere
1285 3703 1365 3759 initio
1379 3704 1428 3770 ait,
1445 3703 1578 3764 Barbare,

529 3802 705 3870 Archelaus.)

571 3896 578 3938 ἱ
602 3899 674 3967 Quae
699 3907 855 3973 sequuntur
882 3900 988 3955 nostris
1011 3898 1182 3973 conjecturis
1208 3898 1439 3962 emendavimus;
1467 3916 1533 3954 nam
1551 3896 1578 3950 in

530 3995 676 4052 Casinensi
691 3996 787 4052 codice
802 3997 847 4053 hic
862 3998 932 4053 mire
949 4009 1084 4073 corrupto
1099 4000 1240 4063 scribitur,
1256 4000 1374 4055 locorum
1389 4001 1578 4075 mysteriorum

528 4093 744 4149 illuminatorem.
787 4094 870 4162 Mox,
885 4098 957 4170 apud
976 4116 1022 4153 eos
1043 4096 1122 4153 ludis.
1166 4096 1204 4152 Et
1222 4096 1303 4161 infra,
1319 4097 1474 4154 adueniat?
1494 4099 1577 4153 susci·

529 4200 589 4246 tans
604 4193 750 4247 mortuos?
765 4213 835 4267 pene
848 4213 931 4267 usque
944 4195 981 4249 ad
996 4194 1141 4269 geliennam
1156 4213 1244 4249 omnes
1261 4212 1436 4268 persequens.
1452 4196 1499 4269 qai
1512 4195 1538 4250 ei
1551 4200 1579 4249 ul

529 4287 710 4362 obtemperare
731 4290 856 4353 noluerit,
874 4291 1009 4365 plurimos
1030 4293 1170 4347 &lenens
1191 4292 1356 4365 arrogantia
1377 4301 1458 4348 melu.
1504 4289 1579 4354 Quod

571 4384 679 4441 'Mau
695 4386 773 4440 xxiv.
789 4402 836 4457 24.
983 4393 991 4415 ¹
1009 4387 1087 4461 [For.
1103 4390 1255 4445 necessarii.
1278 4388 1353 4445 Vide
1368 4387 1536 4463 superiora]

964 4490 972 4518 ³
989 4486 1052 4541 Act.
1068 4485 1097 4541 ii.
1112 4487 1140 4541 6.
