<?xml version="1.0" encoding="UTF-8"?>
<!DOCTYPE html PUBLIC "-//W3C//DTD XHTML 1.0 Transitional//EN"
    "http://www.w3.org/TR/xhtml1/DTD/xhtml1-transitional.dtd">
<html xmlns="http://www.w3.org/1999/xhtml" xml:lang="en" lang="en">
 <head>
  <title>
</title>
<meta http-equiv="Content-Type" content="text/html;charset=utf-8" />
  <meta name='ocr-system' content='tesseract 3.04.00' />
  <meta name='ocr-capabilities' content='ocr_page ocr_carea ocr_par ocr_line ocrx_word'/>
</head>
<body>
  <div class='ocr_page' id='page_1' title='image "./reliquiaesacrae05routgoog_0321.png"; bbox 0 0 3900 5167; ppageno 0'>
   <div class='ocr_carea' id='block_1_1' title="bbox 635 251 1510 324">
    <p class='ocr_par' dir='ltr' id='par_1_1' title="bbox 635 251 1510 324">
     <span class='ocr_line' id='line_1_1' title="bbox 635 251 1510 324; baseline 0.011 -10"><span class='ocrx_word' id='word_1_1' title='bbox 635 251 700 315; x_wconf 79' lang='grc' dir='ltr'><strong>ΒΕ</strong></span> <span class='ocrx_word' id='word_1_2' title='bbox 724 252 1108 318; x_wconf 82' lang='lat' dir='ltr'><strong>REBAPTISMATE</strong></span> <span class='ocrx_word' id='word_1_3' title='bbox 1134 254 1289 318; x_wconf 83' lang='lat' dir='ltr'>LIBER.</span> <span class='ocrx_word' id='word_1_4' title='bbox 1445 255 1510 324; x_wconf 80' lang='grc'><strong>309</strong></span> 
     </span>
    </p>
   </div>
   <div class='ocr_carea' id='block_1_2' title="bbox 451 424 1662 3414">
    <p class='ocr_par' dir='ltr' id='par_1_2' title="bbox 462 424 1510 521">
     <span class='ocr_line' id='line_1_2' title="bbox 462 424 1510 521; baseline 0.004 -28"><span class='ocrx_word' id='word_1_5' title='bbox 462 432 515 493; x_wconf 81' lang='lat' dir='ltr'><strong>tua</strong></span> <span class='ocrx_word' id='word_1_6' title='bbox 541 432 655 495; x_wconf 78' lang='lat' dir='ltr'><strong>monet</strong></span> <span class='ocrx_word' id='word_1_7' title='bbox 677 424 716 495; x_wconf 82' lang='lat' dir='ltr'><strong>ia</strong></span> <span class='ocrx_word' id='word_1_8' title='bbox 741 433 915 508; x_wconf 80' lang='lat' dir='ltr'><strong>cateruam,</strong></span> <span class='ocrx_word' id='word_1_9' title='bbox 933 435 965 496; x_wconf 84' lang='lat' dir='ltr'><strong>et</strong></span> <span class='ocrx_word' id='word_1_10' title='bbox 986 425 1152 520; x_wconf 77' lang='lat' dir='ltr'><strong>quornodo</strong></span> <span class='ocrx_word' id='word_1_11' title='bbox 1176 425 1332 506; x_wconf 74' lang='lat' dir='ltr'><strong>tar-dicia,</strong></span> <span class='ocrx_word' id='word_1_12' title='bbox 1351 428 1434 521; x_wconf 76' lang='lat' dir='ltr'><strong>quic</strong></span> <span class='ocrx_word' id='word_1_13' title='bbox 1450 449 1510 497; x_wconf 74' lang='lat' dir='ltr'><strong>aa·</strong></span> 
     </span>
    </p>

    <p class='ocr_par' dir='ltr' id='par_1_3' title="bbox 461 536 1509 635">
     <span class='ocr_line' id='line_1_3' title="bbox 461 536 1509 635; baseline 0.004 -26"><span class='ocrx_word' id='word_1_14' title='bbox 461 536 569 610; x_wconf 78' lang='lat' dir='ltr'><strong>ulturi</strong></span> <span class='ocrx_word' id='word_1_15' title='bbox 584 538 840 634; x_wconf 77' lang='lat' dir='ltr'><strong>oportetfilt&#39;um</strong></span> <span class='ocrx_word' id='word_1_16' title='bbox 857 540 1040 612; x_wconf 68' lang='lat' dir='ltr'><strong>demittis?</strong></span> <span class='ocrx_word' id='word_1_17' title='bbox 1083 543 1210 634; x_wconf 82' lang='lat' dir='ltr'><strong>Itaque</strong></span> <span class='ocrx_word' id='word_1_18' title='bbox 1231 543 1300 613; x_wconf 86' lang='lat' dir='ltr'><strong>fuit</strong></span> <span class='ocrx_word' id='word_1_19' title='bbox 1322 542 1509 635; x_wconf 88' lang='lat' dir='ltr'><strong>discipulo-</strong></span> 
     </span>
    </p>

    <p class='ocr_par' dir='ltr' id='par_1_4' title="bbox 461 655 1509 752">
     <span class='ocr_line' id='line_1_4' title="bbox 461 655 1509 752; baseline 0.006 -27"><span class='ocrx_word' id='word_1_20' title='bbox 461 678 539 725; x_wconf 90' lang='lat' dir='ltr'><strong>rum</strong></span> <span class='ocrx_word' id='word_1_21' title='bbox 557 655 682 727; x_wconf 88' lang='lat' dir='ltr'><strong>eadem</strong></span> <span class='ocrx_word' id='word_1_22' title='bbox 699 655 774 727; x_wconf 77' lang='lat' dir='ltr'><strong>hac</strong></span> <span class='ocrx_word' id='word_1_23' title='bbox 790 660 1016 750; x_wconf 79' lang='lat' dir='ltr'><strong>praesumptio</strong></span> <span class='ocrx_word' id='word_1_24' title='bbox 1034 658 1079 730; x_wconf 90' lang='lat' dir='ltr'><strong>de</strong></span> <span class='ocrx_word' id='word_1_25' title='bbox 1093 658 1243 740; x_wconf 87' lang='lat' dir='ltr'><strong>Christo,</strong></span> <span class='ocrx_word' id='word_1_26' title='bbox 1256 668 1509 752; x_wconf 78' lang='lat' dir='ltr'>prorumpente</span> 
     </span>
    </p>

    <p class='ocr_par' dir='ltr' id='par_1_5' title="bbox 459 771 1509 868">
     <span class='ocr_line' id='line_1_5' title="bbox 459 771 1509 868; baseline 0.008 -29"><span class='ocrx_word' id='word_1_27' title='bbox 459 771 498 839; x_wconf 93' lang='lat' dir='ltr'><strong>in</strong></span> <span class='ocrx_word' id='word_1_28' title='bbox 529 772 637 841; x_wconf 89' lang='lat' dir='ltr'><strong>istum</strong></span> <span class='ocrx_word' id='word_1_29' title='bbox 669 794 867 844; x_wconf 92' lang='lat' dir='ltr'><strong>sermonem</strong></span> <span class='ocrx_word' id='word_1_30' title='bbox 901 774 1159 846; x_wconf 77' lang='lat' dir='ltr'><strong>incredulitatis</strong></span> <span class='ocrx_word' id='word_1_31' title='bbox 1188 797 1263 846; x_wconf 85' lang='lat' dir='ltr'><strong>suae</strong></span> <span class='ocrx_word' id='word_1_32' title='bbox 1294 775 1403 845; x_wconf 88' lang='lat' dir='ltr'><strong>Petm</strong></span> <span class='ocrx_word' id='word_1_33' title='bbox 1433 775 1509 868; x_wconf 92' lang='lat' dir='ltr'><strong>ipso</strong></span> 
     </span>
    </p>

    <p class='ocr_par' dir='ltr' id='par_1_6' title="bbox 460 886 1509 982">
     <span class='ocr_line' id='line_1_6' title="bbox 460 886 1509 982; baseline 0.006 -26"><span class='ocrx_word' id='word_1_34' title='bbox 460 886 552 958; x_wconf 89' lang='lat' dir='ltr'><strong>duce</strong></span> <span class='ocrx_word' id='word_1_35' title='bbox 578 910 620 958; x_wconf 88' lang='lat' dir='ltr'><strong>ac</strong></span> <span class='ocrx_word' id='word_1_36' title='bbox 648 889 806 982; x_wconf 84' lang='lat' dir='ltr'><strong>principe</strong></span> <span class='ocrx_word' id='word_1_37' title='bbox 835 889 1086 981; x_wconf 85' lang='lat' dir='ltr'><strong>apostolorum.</strong></span> <span class='ocrx_word' id='word_1_38' title='bbox 1138 887 1230 961; x_wconf 83' lang='lat' dir='ltr'><strong>Cum</strong></span> <span class='ocrx_word' id='word_1_39' title='bbox 1260 891 1355 959; x_wconf 89' lang='lat' dir='ltr'><strong>enim</strong></span> <span class='ocrx_word' id='word_1_40' title='bbox 1385 913 1407 961; x_wconf 89' lang='lat' dir='ltr'><strong>a</strong></span> <span class='ocrx_word' id='word_1_41' title='bbox 1433 889 1509 962; x_wconf 90' lang='lat' dir='ltr'><strong>Do-</strong></span> 
     </span>
    </p>

    <p class='ocr_par' dir='ltr' id='par_1_7' title="bbox 459 1002 1507 1212">
     <span class='ocr_line' id='line_1_7' title="bbox 459 1002 1507 1099; baseline 0.005 -30"><span class='ocrx_word' id='word_1_42' title='bbox 459 1002 558 1072; x_wconf 93' lang='lat' dir='ltr'><strong>mino</strong></span> <span class='ocrx_word' id='word_1_43' title='bbox 574 1003 678 1073; x_wconf 87' lang='lat' dir='ltr'><strong>simul</strong></span> <span class='ocrx_word' id='word_1_44' title='bbox 697 1026 777 1074; x_wconf 91' lang='lat' dir='ltr'><strong>cum</strong></span> <span class='ocrx_word' id='word_1_45' title='bbox 797 1005 925 1075; x_wconf 88' lang='lat' dir='ltr'><strong>ceteris</strong></span> <span class='ocrx_word' id='word_1_46' title='bbox 941 1005 1067 1075; x_wconf 84' lang='lat' dir='ltr'><strong>fuisset</strong></span> <span class='ocrx_word' id='word_1_47' title='bbox 1084 1006 1320 1099; x_wconf 81' lang='lat' dir='ltr'><strong>interrogatus</strong></span> <span class='ocrx_word' id='word_1_48' title='bbox 1337 1005 1507 1095; x_wconf 76' lang='lat' dir='ltr'><strong>quidnam</strong></span> 
     </span>
     <span class='ocr_line' id='line_1_8' title="bbox 459 1118 1505 1212; baseline 0.002 -25"><span class='ocrx_word' id='word_1_49' title='bbox 459 1119 608 1188; x_wconf 81' lang='lat' dir='ltr'><strong>sentiret</strong></span> <span class='ocrx_word' id='word_1_50' title='bbox 630 1118 676 1190; x_wconf 91' lang='lat' dir='ltr'><strong>de</strong></span> <span class='ocrx_word' id='word_1_51' title='bbox 695 1120 781 1212; x_wconf 91' lang='lat' dir='ltr'><strong>ipso,</strong></span> <span class='ocrx_word' id='word_1_52' title='bbox 800 1120 836 1189; x_wconf 89' lang='lat' dir='ltr'><strong>id</strong></span> <span class='ocrx_word' id='word_1_53' title='bbox 853 1131 920 1203; x_wconf 85' lang='lat' dir='ltr'><strong>est,</strong></span> <span class='ocrx_word' id='word_1_54' title='bbox 937 1142 1044 1212; x_wconf 91' lang='lat' dir='ltr'><strong>quem</strong></span> <span class='ocrx_word' id='word_1_55' title='bbox 1070 1143 1147 1191; x_wconf 89' lang='lat' dir='ltr'><strong>esse</strong></span> <span class='ocrx_word' id='word_1_56' title='bbox 1170 1143 1252 1190; x_wconf 90' lang='lat' dir='ltr'><strong>eum</strong></span> <span class='ocrx_word' id='word_1_57' title='bbox 1275 1121 1505 1202; x_wconf 86' lang='lat' dir='ltr'><strong>existimaret,</strong></span> 
     </span>
    </p>

    <p class='ocr_par' dir='ltr' id='par_1_8' title="bbox 458 1235 1506 1327">
     <span class='ocr_line' id='line_1_9' title="bbox 458 1235 1506 1327; baseline 0.005 -23"><span class='ocrx_word' id='word_1_58' title='bbox 458 1242 498 1304; x_wconf 88' lang='lat' dir='ltr'><strong>et</strong></span> <span class='ocrx_word' id='word_1_59' title='bbox 531 1235 645 1327; x_wconf 88' lang='lat' dir='ltr'><strong>primo</strong></span> <span class='ocrx_word' id='word_1_60' title='bbox 676 1237 861 1307; x_wconf 79' lang='lat' dir='ltr'><strong>veritatem</strong></span> <span class='ocrx_word' id='word_1_61' title='bbox 897 1236 1077 1307; x_wconf 87' lang='lat' dir='ltr'><strong>confessus</strong></span> <span class='ocrx_word' id='word_1_62' title='bbox 1111 1237 1246 1321; x_wconf 85' lang='lat' dir='ltr'><strong>luisset,</strong></span> <span class='ocrx_word' id='word_1_63' title='bbox 1276 1238 1396 1307; x_wconf 89' lang='lat' dir='ltr'><strong>dicens</strong></span> <span class='ocrx_word' id='word_1_64' title='bbox 1429 1259 1506 1309; x_wconf 87' lang='lat' dir='ltr'><strong>esse</strong></span> 
     </span>
    </p>

    <p class='ocr_par' dir='ltr' id='par_1_9' title="bbox 458 1340 1507 1446">
     <span class='ocr_line' id='line_1_10' title="bbox 458 1340 1507 1446; baseline 0.004 -25"><span class='ocrx_word' id='word_1_65' title='bbox 458 1372 543 1421; x_wconf 90' lang='lat' dir='ltr'><strong>eum</strong></span> <span class='ocrx_word' id='word_1_66' title='bbox 560 1340 741 1433; x_wconf 82' lang='lat' dir='ltr'><strong>Christum</strong></span> <span class='ocrx_word' id='word_1_67' title='bbox 766 1352 879 1422; x_wconf 92' lang='lat' dir='ltr'><strong>filium</strong></span> <span class='ocrx_word' id='word_1_68' title='bbox 908 1351 977 1422; x_wconf 92' lang='lat' dir='ltr'><strong>Dei</strong></span> <span class='ocrx_word' id='word_1_69' title='bbox 1001 1354 1084 1438; x_wconf 88' lang='lat' dir='ltr'><strong>vivi,</strong></span> <span class='ocrx_word' id='word_1_70' title='bbox 1108 1363 1146 1423; x_wconf 90' lang='lat' dir='ltr'><strong>et</strong></span> <span class='ocrx_word' id='word_1_71' title='bbox 1171 1363 1357 1446; x_wconf 88' lang='lat' dir='ltr'><strong>propterea</strong></span> <span class='ocrx_word' id='word_1_72' title='bbox 1381 1353 1507 1425; x_wconf 86' lang='lat' dir='ltr'><strong>beatus</strong></span> 
     </span>
    </p>

    <p class='ocr_par' dir='ltr' id='par_1_10' title="bbox 458 1465 1505 1559">
     <span class='ocr_line' id='line_1_11' title="bbox 458 1465 1505 1559; baseline 0.004 -22"><span class='ocrx_word' id='word_1_73' title='bbox 458 1466 504 1537; x_wconf 89' lang='lat' dir='ltr'><strong>ab</strong></span> <span class='ocrx_word' id='word_1_74' title='bbox 526 1465 589 1536; x_wconf 91' lang='lat' dir='ltr'><strong>illo</strong></span> <span class='ocrx_word' id='word_1_75' title='bbox 607 1468 790 1558; x_wconf 88' lang='lat' dir='ltr'><strong>judicatus</strong></span> <span class='ocrx_word' id='word_1_76' title='bbox 813 1476 917 1551; x_wconf 86' lang='lat' dir='ltr'><strong>esset,</strong></span> <span class='ocrx_word' id='word_1_77' title='bbox 935 1467 1122 1559; x_wconf 69' lang='lat' dir='ltr'><strong>quod&#39;hoc</strong></span> <span class='ocrx_word' id='word_1_78' title='bbox 1143 1491 1214 1538; x_wconf 95' lang='lat' dir='ltr'><strong>non</strong></span> <span class='ocrx_word' id='word_1_79' title='bbox 1231 1469 1425 1553; x_wconf 79' lang='lat' dir='ltr'><strong>carnaliter,</strong></span> <span class='ocrx_word' id='word_1_80' title='bbox 1444 1470 1505 1541; x_wconf 87' lang='lat' dir='ltr'><strong>sed</strong></span> 
     </span>
    </p>

    <p class='ocr_par' dir='ltr' id='par_1_11' title="bbox 458 1581 1504 1673">
     <span class='ocr_line' id='line_1_12' title="bbox 458 1581 1504 1673; baseline 0.007 -23"><span class='ocrx_word' id='word_1_81' title='bbox 458 1606 522 1673; x_wconf 90' lang='lat' dir='ltr'><strong>per</strong></span> <span class='ocrx_word' id='word_1_82' title='bbox 551 1581 669 1653; x_wconf 89' lang='lat' dir='ltr'><strong>Patris</strong></span> <span class='ocrx_word' id='word_1_83' title='bbox 699 1583 852 1654; x_wconf 84' lang='lat' dir='ltr'><strong>coelestis</strong></span> <span class='ocrx_word' id='word_1_84' title='bbox 881 1583 1134 1655; x_wconf 75' lang='lat' dir='ltr'><strong>revelationem</strong></span> <span class='ocrx_word' id='word_1_85' title='bbox 1168 1586 1357 1657; x_wconf 89' lang='lat' dir='ltr'><strong>adsecutus</strong></span> <span class='ocrx_word' id='word_1_86' title='bbox 1390 1595 1504 1657; x_wconf 88' lang='lat' dir='ltr'><strong>esset:</strong></span> 
     </span>
    </p>

    <p class='ocr_par' dir='ltr' id='par_1_12' title="bbox 457 1698 1505 1795">
     <span class='ocr_line' id='line_1_13' title="bbox 457 1698 1505 1795; baseline 0.005 -26"><span class='ocrx_word' id='word_1_87' title='bbox 457 1698 553 1770; x_wconf 93' lang='lat' dir='ltr'><strong>idem</strong></span> <span class='ocrx_word' id='word_1_88' title='bbox 583 1707 713 1781; x_wconf 87' lang='lat' dir='ltr'><strong>tamen,</strong></span> <span class='ocrx_word' id='word_1_89' title='bbox 743 1699 806 1770; x_wconf 90' lang='lat' dir='ltr'><strong>ubi</strong></span> <span class='ocrx_word' id='word_1_90' title='bbox 835 1701 943 1793; x_wconf 87' lang='lat' dir='ltr'><strong>eoepit</strong></span> <span class='ocrx_word' id='word_1_91' title='bbox 971 1700 1077 1771; x_wconf 84' lang='lat' dir='ltr'><strong>Jesus</strong></span> <span class='ocrx_word' id='word_1_92' title='bbox 1106 1700 1292 1771; x_wconf 86' lang='lat' dir='ltr'><strong>ostendere</strong></span> <span class='ocrx_word' id='word_1_93' title='bbox 1326 1702 1505 1795; x_wconf 90' lang='lat' dir='ltr'><strong>discipulis</strong></span> 
     </span>
    </p>

    <p class='ocr_par' dir='ltr' id='par_1_13' title="bbox 455 1816 1662 2142">
     <span class='ocr_line' id='line_1_14' title="bbox 456 1816 1662 1911; baseline 0.007 -23"><span class='ocrx_word' id='word_1_94' title='bbox 456 1818 529 1889; x_wconf 86' lang='lat' dir='ltr'><strong>suis</strong></span> <span class='ocrx_word' id='word_1_95' title='bbox 546 1819 629 1908; x_wconf 88' lang='lat' dir='ltr'><strong>quia</strong></span> <span class='ocrx_word' id='word_1_96' title='bbox 645 1825 824 1909; x_wconf 86' lang='lat' dir='ltr'><strong>oporteret</strong></span> <span class='ocrx_word' id='word_1_97' title='bbox 843 1816 947 1887; x_wconf 91' lang='lat' dir='ltr'><strong>illum</strong></span> <span class='ocrx_word' id='word_1_98' title='bbox 964 1816 1250 1911; x_wconf 76' lang='lat' dir='ltr'><strong>Hierosolymam</strong></span> <span class='ocrx_word' id='word_1_99' title='bbox 1267 1821 1318 1888; x_wconf 93' lang='lat' dir='ltr'><strong>ire</strong></span> <span class='ocrx_word' id='word_1_100' title='bbox 1335 1828 1372 1890; x_wconf 90' lang='lat' dir='ltr'><strong>et</strong></span> <span class='ocrx_word' id='word_1_101' title='bbox 1389 1820 1504 1891; x_wconf 89' lang='lat' dir='ltr'><strong>multa</strong></span> <span class='ocrx_word' id='word_1_102' title='bbox 1513 1845 1604 1896; x_wconf 66' lang='lat' dir='ltr'><strong>traca.</strong></span> <span class='ocrx_word' id='word_1_103' title='bbox 1616 1847 1662 1895; x_wconf 75' lang='lat' dir='ltr'><strong>xvi</strong></span> 
     </span>
     <span class='ocr_line' id='line_1_15' title="bbox 456 1924 1649 2027; baseline 0.003 -24"><span class='ocrx_word' id='word_1_104' title='bbox 456 1934 532 2027; x_wconf 90' lang='lat' dir='ltr'><strong>pati</strong></span> <span class='ocrx_word' id='word_1_105' title='bbox 554 1957 577 2004; x_wconf 95' lang='lat' dir='ltr'><strong>a</strong></span> <span class='ocrx_word' id='word_1_106' title='bbox 598 1934 792 2005; x_wconf 87' lang='lat' dir='ltr'><strong>senioribus</strong></span> <span class='ocrx_word' id='word_1_107' title='bbox 818 1943 856 2004; x_wconf 92' lang='lat' dir='ltr'><strong>et</strong></span> <span class='ocrx_word' id='word_1_108' title='bbox 881 1934 1123 2005; x_wconf 87' lang='lat' dir='ltr'><strong>sacerdotibus</strong></span> <span class='ocrx_word' id='word_1_109' title='bbox 1143 1943 1181 2005; x_wconf 92' lang='lat' dir='ltr'><strong>et</strong></span> <span class='ocrx_word' id='word_1_110' title='bbox 1203 1934 1325 2006; x_wconf 89' lang='lat' dir='ltr'><strong>scribis</strong></span> <span class='ocrx_word' id='word_1_111' title='bbox 1341 1945 1380 2006; x_wconf 85' lang='lat' dir='ltr'><strong>et</strong></span> <span class='ocrx_word' id='word_1_112' title='bbox 1397 1924 1649 2007; x_wconf 76' lang='lat' dir='ltr'><strong>inter-²¹&#39;⁰‘&#39;“¹&#39;</strong></span> 
     </span>
     <span class='ocr_line' id='line_1_16' title="bbox 455 2048 1505 2142; baseline 0.002 -23"><span class='ocrx_word' id='word_1_113' title='bbox 455 2049 514 2119; x_wconf 86' lang='lat' dir='ltr'><strong>fici</strong></span> <span class='ocrx_word' id='word_1_114' title='bbox 537 2056 677 2141; x_wconf 86' lang='lat' dir='ltr'><strong>etpost</strong></span> <span class='ocrx_word' id='word_1_115' title='bbox 699 2050 793 2119; x_wconf 95' lang='lat' dir='ltr'><strong>diem</strong></span> <span class='ocrx_word' id='word_1_116' title='bbox 818 2050 965 2119; x_wconf 87' lang='lat' dir='ltr'><strong>tortium</strong></span> <span class='ocrx_word' id='word_1_117' title='bbox 989 2071 1180 2142; x_wconf 83' lang='lat' dir='ltr'><strong>resurgere,</strong></span> <span class='ocrx_word' id='word_1_118' title='bbox 1197 2048 1428 2122; x_wconf 90' lang='lat' dir='ltr'><strong>nihilominus</strong></span> <span class='ocrx_word' id='word_1_119' title='bbox 1444 2050 1505 2121; x_wconf 94' lang='lat' dir='ltr'><strong>ille</strong></span> 
     </span>
    </p>

    <p class='ocr_par' dir='ltr' id='par_1_14' title="bbox 456 2163 1504 2257">
     <span class='ocr_line' id='line_1_17' title="bbox 456 2163 1504 2257; baseline 0.005 -25"><span class='ocrx_word' id='word_1_120' title='bbox 456 2187 560 2235; x_wconf 83' lang='lat' dir='ltr'><strong>verus</strong></span> <span class='ocrx_word' id='word_1_121' title='bbox 576 2163 708 2235; x_wconf 86' lang='lat' dir='ltr'><strong>Christi</strong></span> <span class='ocrx_word' id='word_1_122' title='bbox 725 2164 904 2235; x_wconf 83' lang='lat' dir='ltr'><strong>confessor</strong></span> <span class='ocrx_word' id='word_1_123' title='bbox 927 2174 1008 2257; x_wconf 86' lang='lat' dir='ltr'><strong>post</strong></span> <span class='ocrx_word' id='word_1_124' title='bbox 1033 2164 1202 2256; x_wconf 89' lang='lat' dir='ltr'><strong>pauculos</strong></span> <span class='ocrx_word' id='word_1_125' title='bbox 1225 2165 1300 2235; x_wconf 89' lang='lat' dir='ltr'><strong>dies</strong></span> <span class='ocrx_word' id='word_1_126' title='bbox 1323 2176 1504 2257; x_wconf 89' lang='lat' dir='ltr'><strong>assumpto</strong></span> 
     </span>
    </p>

    <p class='ocr_par' dir='ltr' id='par_1_15' title="bbox 454 2276 1662 2606">
     <span class='ocr_line' id='line_1_18' title="bbox 455 2276 1662 2373; baseline 0.001 -22"><span class='ocrx_word' id='word_1_127' title='bbox 455 2304 499 2351; x_wconf 90' lang='lat' dir='ltr'><strong>eo</strong></span> <span class='ocrx_word' id='word_1_128' title='bbox 524 2280 633 2373; x_wconf 88' lang='lat' dir='ltr'><strong>coepit</strong></span> <span class='ocrx_word' id='word_1_129' title='bbox 656 2278 761 2350; x_wconf 90' lang='lat' dir='ltr'><strong>illum</strong></span> <span class='ocrx_word' id='word_1_130' title='bbox 786 2280 960 2372; x_wconf 87' lang='lat' dir='ltr'><strong>corripere</strong></span> <span class='ocrx_word' id='word_1_131' title='bbox 987 2279 1117 2359; x_wconf 91' lang='lat' dir='ltr'><strong>dicens,</strong></span> <span class='ocrx_word' id='word_1_132' title='bbox 1137 2276 1338 2372; x_wconf 75' lang='lat' dir='ltr'><strong>¹Propitius</strong></span> <span class='ocrx_word' id='word_1_133' title='bbox 1362 2278 1662 2365; x_wconf 61' lang='lat' dir='ltr'><strong>nitidissimus</strong></span> 
     </span>
     <span class='ocr_line' id='line_1_19' title="bbox 454 2380 1598 2488; baseline 0 -22"><span class='ocrx_word' id='word_1_134' title='bbox 454 2417 524 2466; x_wconf 79' lang='lat' dir='ltr'><strong>coa</strong></span> <span class='ocrx_word' id='word_1_135' title='bbox 538 2396 605 2466; x_wconf 84' lang='lat' dir='ltr'><strong>crit</strong></span> <span class='ocrx_word' id='word_1_136' title='bbox 617 2394 712 2466; x_wconf 76' lang='lat' dir='ltr'><strong>istud</strong></span> <span class='ocrx_word' id='word_1_137' title='bbox 721 2421 733 2464; x_wconf 92' lang='lat'><strong>.·</strong></span> <span class='ocrx_word' id='word_1_138' title='bbox 751 2397 861 2465; x_wconf 80' lang='lat' dir='ltr'><strong>ita—ut</strong></span> <span class='ocrx_word' id='word_1_139' title='bbox 873 2403 1060 2488; x_wconf 87' lang='lat' dir='ltr'><strong>propterea</strong></span> <span class='ocrx_word' id='word_1_140' title='bbox 1071 2394 1195 2465; x_wconf 91' lang='lat' dir='ltr'><strong>audire</strong></span> <span class='ocrx_word' id='word_1_141' title='bbox 1205 2418 1226 2465; x_wconf 91' lang='lat' dir='ltr'><strong>a</strong></span> <span class='ocrx_word' id='word_1_142' title='bbox 1237 2392 1393 2464; x_wconf 93' lang='lat' dir='ltr'><strong>Domino</strong></span> <span class='ocrx_word' id='word_1_143' title='bbox 1406 2380 1550 2466; x_wconf 77' lang='lat' dir='ltr'><strong>com-²²³</strong></span> <span class='ocrx_word' id='word_1_144' title='bbox 1560 2381 1598 2429; x_wconf 37' lang='grc' dir='ltr'><strong>’ὦ</strong></span> 
     </span>
     <span class='ocr_line' id='line_1_20' title="bbox 455 2507 1502 2606; baseline 0.001 -25"><span class='ocrx_word' id='word_1_145' title='bbox 455 2512 635 2594; x_wconf 91' lang='lat' dir='ltr'><strong>meruerit,</strong></span> <span class='ocrx_word' id='word_1_146' title='bbox 662 2509 756 2583; x_wconf 73' lang='lat' dir='ltr'><strong>Vnde</strong></span> <span class='ocrx_word' id='word_1_147' title='bbox 776 2519 855 2606; x_wconf 78' lang='lat' dir='ltr'><strong>post</strong></span> <span class='ocrx_word' id='word_1_148' title='bbox 879 2534 931 2581; x_wconf 84' lang='lat' dir='ltr'><strong>me</strong></span> <span class='ocrx_word' id='word_1_149' title='bbox 946 2509 1110 2594; x_wconf 79' lang='lat' dir='ltr'><strong>Salanus,</strong></span> <span class='ocrx_word' id='word_1_150' title='bbox 1127 2507 1326 2581; x_wconf 80' lang='lat' dir='ltr'><strong>scandalum</strong></span> <span class='ocrx_word' id='word_1_151' title='bbox 1348 2507 1437 2581; x_wconf 76' lang='lat' dir='ltr'><strong>mili</strong></span> <span class='ocrx_word' id='word_1_152' title='bbox 1457 2534 1502 2595; x_wconf 78' lang='lat' dir='ltr'><strong>aa,</strong></span> 
     </span>
    </p>

    <p class='ocr_par' dir='ltr' id='par_1_16' title="bbox 454 2625 1503 2720">
     <span class='ocr_line' id='line_1_21' title="bbox 454 2625 1503 2720; baseline 0.001 -24"><span class='ocrx_word' id='word_1_153' title='bbox 454 2626 501 2696; x_wconf 95' lang='lat' dir='ltr'><strong>ob</strong></span> <span class='ocrx_word' id='word_1_154' title='bbox 526 2625 594 2697; x_wconf 88' lang='lat' dir='ltr'><strong>hoc</strong></span> <span class='ocrx_word' id='word_1_155' title='bbox 620 2627 715 2718; x_wconf 92' lang='lat' dir='ltr'><strong>quod</strong></span> <span class='ocrx_word' id='word_1_156' title='bbox 742 2650 813 2698; x_wconf 90' lang='lat' dir='ltr'><strong>non</strong></span> <span class='ocrx_word' id='word_1_157' title='bbox 840 2635 979 2720; x_wconf 87' lang='lat' dir='ltr'><strong>saperet</strong></span> <span class='ocrx_word' id='word_1_158' title='bbox 1001 2649 1044 2696; x_wconf 90' lang='lat' dir='ltr'><strong>ea</strong></span> <span class='ocrx_word' id='word_1_159' title='bbox 1068 2649 1146 2717; x_wconf 84' lang='lat' dir='ltr'><strong>quse</strong></span> <span class='ocrx_word' id='word_1_160' title='bbox 1172 2633 1256 2695; x_wconf 89' lang='lat' dir='ltr'><strong>sunt</strong></span> <span class='ocrx_word' id='word_1_161' title='bbox 1277 2626 1356 2709; x_wconf 92' lang='lat' dir='ltr'><strong>Dei,</strong></span> <span class='ocrx_word' id='word_1_162' title='bbox 1374 2628 1437 2697; x_wconf 89' lang='lat' dir='ltr'><strong>sed</strong></span> <span class='ocrx_word' id='word_1_163' title='bbox 1460 2650 1503 2697; x_wconf 87' lang='lat' dir='ltr'><strong>ea</strong></span> 
     </span>
    </p>

    <p class='ocr_par' dir='ltr' id='par_1_17' title="bbox 454 2741 1502 2835">
     <span class='ocr_line' id='line_1_22' title="bbox 454 2741 1502 2835; baseline 0.001 -24"><span class='ocrx_word' id='word_1_164' title='bbox 454 2765 531 2835; x_wconf 89' lang='lat' dir='ltr'><strong>quae</strong></span> <span class='ocrx_word' id='word_1_165' title='bbox 557 2754 641 2815; x_wconf 89' lang='lat' dir='ltr'><strong>sunt</strong></span> <span class='ocrx_word' id='word_1_166' title='bbox 665 2742 860 2813; x_wconf 89' lang='lat' dir='ltr'><strong>hominum.</strong></span> <span class='ocrx_word' id='word_1_167' title='bbox 911 2743 1002 2826; x_wconf 81' lang='lat' dir='ltr'><strong>Quae</strong></span> <span class='ocrx_word' id='word_1_168' title='bbox 1026 2742 1219 2833; x_wconf 88' lang='lat' dir='ltr'><strong>increpatio</strong></span> <span class='ocrx_word' id='word_1_169' title='bbox 1245 2741 1411 2812; x_wconf 89' lang='lat' dir='ltr'><strong>adversus</strong></span> <span class='ocrx_word' id='word_1_170' title='bbox 1434 2742 1502 2813; x_wconf 89' lang='lat' dir='ltr'><strong>Pe-</strong></span> 
     </span>
    </p>

    <p class='ocr_par' dir='ltr' id='par_1_18' title="bbox 452 2856 1628 3299">
     <span class='ocr_line' id='line_1_23' title="bbox 454 2856 1500 2953; baseline 0.002 -25"><span class='ocrx_word' id='word_1_171' title='bbox 454 2869 549 2928; x_wconf 88' lang='lat' dir='ltr'><strong>tmm</strong></span> <span class='ocrx_word' id='word_1_172' title='bbox 567 2860 680 2953; x_wconf 82' lang='lat' dir='ltr'><strong>magis</strong></span> <span class='ocrx_word' id='word_1_173' title='bbox 696 2860 879 2953; x_wconf 77' lang='lat' dir='ltr'><strong>magisque</strong></span> <span class='ocrx_word' id='word_1_174' title='bbox 891 2857 1006 2929; x_wconf 87' lang='lat' dir='ltr'><strong>eluxit</strong></span> <span class='ocrx_word' id='word_1_175' title='bbox 1023 2857 1241 2950; x_wconf 90' lang='lat' dir='ltr'><strong>adprehenso</strong></span> <span class='ocrx_word' id='word_1_176' title='bbox 1253 2856 1405 2941; x_wconf 84' lang='lat' dir='ltr'><strong>Christo,</strong></span> <span class='ocrx_word' id='word_1_177' title='bbox 1418 2882 1500 2930; x_wconf 90' lang='lat' dir='ltr'><strong>cum</strong></span> 
     </span>
     <span class='ocr_line' id='line_1_24' title="bbox 453 2971 1601 3068; baseline 0.004 -23"><span class='ocrx_word' id='word_1_178' title='bbox 453 2974 705 3047; x_wconf 88' lang='lat' dir='ltr'><strong>amuliercula</strong></span> <span class='ocrx_word' id='word_1_179' title='bbox 730 2975 941 3045; x_wconf 88' lang='lat' dir='ltr'><strong>conterritm</strong></span> <span class='ocrx_word' id='word_1_180' title='bbox 967 2975 1112 3057; x_wconf 88' lang='lat' dir='ltr'><strong>diceret,</strong></span> <span class='ocrx_word' id='word_1_181' title='bbox 1132 2971 1258 3045; x_wconf 84' lang='lat' dir='ltr'><strong>Nescio</strong></span> <span class='ocrx_word' id='word_1_182' title='bbox 1283 2972 1370 3068; x_wconf 79' lang='lat' dir='ltr'><strong>qaid</strong></span> <span class='ocrx_word' id='word_1_183' title='bbox 1392 2972 1601 3061; x_wconf 73' lang='lat' dir='ltr'><strong>dicaauan.</strong></span> 
     </span>
     <span class='ocr_line' id='line_1_25' title="bbox 453 3068 1628 3195; baseline 0 -33"><span class='ocrx_word' id='word_1_184' title='bbox 453 3096 578 3185; x_wconf 41' lang='grc' dir='ltr'><strong>ἔπεφνε</strong></span> <span class='ocrx_word' id='word_1_185' title='bbox 593 3090 674 3162; x_wconf 79' lang='lat' dir='ltr'><strong>uoci</strong></span> <span class='ocrx_word' id='word_1_186' title='bbox 690 3099 744 3169; x_wconf 77' lang='lat' dir='ltr'><strong>te:</strong></span> <span class='ocrx_word' id='word_1_187' title='bbox 770 3098 808 3161; x_wconf 90' lang='lat' dir='ltr'><strong>et</strong></span> <span class='ocrx_word' id='word_1_188' title='bbox 830 3092 960 3161; x_wconf 90' lang='lat' dir='ltr'><strong>iterum</strong></span> <span class='ocrx_word' id='word_1_189' title='bbox 981 3113 1063 3161; x_wconf 88' lang='lat' dir='ltr'><strong>eum</strong></span> <span class='ocrx_word' id='word_1_190' title='bbox 1087 3089 1154 3160; x_wconf 92' lang='lat' dir='ltr'><strong>hoc</strong></span> <span class='ocrx_word' id='word_1_191' title='bbox 1176 3090 1271 3159; x_wconf 92' lang='lat' dir='ltr'><strong>idem</strong></span> <span class='ocrx_word' id='word_1_192' title='bbox 1289 3092 1423 3160; x_wconf 88' lang='lat' dir='ltr'><strong>diceret</strong></span> <span class='ocrx_word' id='word_1_193' title='bbox 1439 3068 1628 3195; x_wconf 60' lang='lat' dir='ltr'><strong>⁸d·{ill}1.⁷⁰&#39;</strong></span> 
     </span>
     <span class='ocr_line' id='line_1_26' title="bbox 452 3206 1501 3299; baseline 0 -23"><span class='ocrx_word' id='word_1_194' title='bbox 452 3206 567 3279; x_wconf 83' lang='lat' dir='ltr'><strong>lribito</strong></span> <span class='ocrx_word' id='word_1_195' title='bbox 577 3206 807 3299; x_wconf 90' lang='lat' dir='ltr'><strong>jurejurando</strong></span> <span class='ocrx_word' id='word_1_196' title='bbox 824 3214 863 3276; x_wconf 91' lang='lat' dir='ltr'><strong>et</strong></span> <span class='ocrx_word' id='word_1_197' title='bbox 879 3206 986 3277; x_wconf 81' lang='lat' dir='ltr'><strong>tertio</strong></span> <span class='ocrx_word' id='word_1_198' title='bbox 1002 3206 1191 3276; x_wconf 68' lang='lat' dir='ltr'><strong>¹devotans</strong></span> <span class='ocrx_word' id='word_1_199' title='bbox 1208 3214 1245 3276; x_wconf 89' lang='lat' dir='ltr'><strong>et</strong></span> <span class='ocrx_word' id='word_1_200' title='bbox 1255 3206 1379 3297; x_wconf 88' lang='lat' dir='ltr'><strong>jurans</strong></span> <span class='ocrx_word' id='word_1_201' title='bbox 1396 3206 1501 3276; x_wconf 86' lang='lat' dir='ltr'><strong>adfir-</strong></span> 
     </span>
    </p>

    <p class='ocr_par' dir='ltr' id='par_1_19' title="bbox 451 3321 1500 3414">
     <span class='ocr_line' id='line_1_27' title="bbox 451 3321 1500 3414; baseline -0.001 -21"><span class='ocrx_word' id='word_1_202' title='bbox 451 3331 575 3405; x_wconf 87' lang='lat' dir='ltr'><strong>maret,</strong></span> <span class='ocrx_word' id='word_1_203' title='bbox 593 3324 759 3414; x_wconf 88' lang='lat' dir='ltr'><strong>quoniam</strong></span> <span class='ocrx_word' id='word_1_204' title='bbox 786 3345 855 3393; x_wconf 94' lang='lat' dir='ltr'><strong>non</strong></span> <span class='ocrx_word' id='word_1_205' title='bbox 883 3330 1003 3392; x_wconf 84' lang='lat' dir='ltr'><strong>nosset</strong></span> <span class='ocrx_word' id='word_1_206' title='bbox 1025 3321 1215 3402; x_wconf 89' lang='lat' dir='ltr'><strong>hominem,</strong></span> <span class='ocrx_word' id='word_1_207' title='bbox 1234 3328 1272 3390; x_wconf 91' lang='lat' dir='ltr'><strong>et</strong></span> <span class='ocrx_word' id='word_1_208' title='bbox 1295 3344 1366 3391; x_wconf 90' lang='lat' dir='ltr'><strong>non</strong></span> <span class='ocrx_word' id='word_1_209' title='bbox 1388 3321 1500 3392; x_wconf 86' lang='lat' dir='ltr'><strong>semel</strong></span> 
     </span>
    </p>
   </div>
   <div class='ocr_carea' id='block_1_3' title="bbox 450 3498 1499 3794">
    <p class='ocr_par' dir='ltr' id='par_1_20' title="bbox 450 3498 1499 3794">
     <span class='ocr_line' id='line_1_28' title="bbox 493 3498 1499 3618; baseline 0.001 -19"><span class='ocrx_word' id='word_1_210' title='bbox 493 3550 500 3573; x_wconf 89' lang='lat'><em>¹</em></span> <span class='ocrx_word' id='word_1_211' title='bbox 516 3543 658 3618; x_wconf 74' lang='lat' dir='ltr'><strong>Propitius</strong></span> <span class='ocrx_word' id='word_1_212' title='bbox 670 3546 708 3599; x_wconf 84' lang='lat' dir='ltr'><strong>ait</strong></span> <span class='ocrx_word' id='word_1_213' title='bbox 722 3543 785 3617; x_wconf 73' lang='lat' dir='ltr'><strong>su]</strong></span> <span class='ocrx_word' id='word_1_214' title='bbox 807 3540 1006 3618; x_wconf 82' lang='lat' dir='ltr'><strong>Comparativa</strong></span> <span class='ocrx_word' id='word_1_215' title='bbox 1020 3541 1126 3598; x_wconf 88' lang='lat' dir='ltr'><strong>dictum</strong></span> <span class='ocrx_word' id='word_1_216' title='bbox 1141 3498 1260 3604; x_wconf 79' lang='lat' dir='ltr'><strong>videtur,</strong></span> <span class='ocrx_word' id='word_1_217' title='bbox 1277 3540 1434 3616; x_wconf 89' lang='lat' dir='ltr'><strong>Propitiora</strong></span> <span class='ocrx_word' id='word_1_218' title='bbox 1447 3542 1499 3601; x_wconf 89' lang='lat' dir='ltr'><strong>tibi</strong></span> 
     </span>
     <span class='ocr_line' id='line_1_29' title="bbox 450 3636 1496 3714; baseline 0 -19"><span class='ocrx_word' id='word_1_219' title='bbox 450 3638 610 3696; x_wconf 86' lang='lat' dir='ltr'><strong>adveniant.</strong></span> <span class='ocrx_word' id='word_1_220' title='bbox 632 3640 711 3714; x_wconf 88' lang='lat' dir='ltr'><strong>quasi</strong></span> <span class='ocrx_word' id='word_1_221' title='bbox 731 3639 822 3697; x_wconf 84' lang='lat' dir='ltr'><strong>fatum</strong></span> <span class='ocrx_word' id='word_1_222' title='bbox 841 3658 924 3696; x_wconf 90' lang='lat' dir='ltr'><strong>suum</strong></span> <span class='ocrx_word' id='word_1_223' title='bbox 941 3637 1074 3695; x_wconf 84' lang='lat' dir='ltr'><strong>Christus</strong></span> <span class='ocrx_word' id='word_1_224' title='bbox 1098 3644 1241 3693; x_wconf 76' lang='lat' dir='ltr'><strong>narrasset</strong></span> <span class='ocrx_word' id='word_1_225' title='bbox 1265 3636 1419 3712; x_wconf 85' lang='lat' dir='ltr'><strong>discipulis.</strong></span> <span class='ocrx_word' id='word_1_226' title='bbox 1442 3638 1496 3695; x_wconf 87' lang='lat' dir='ltr'><strong>Rr-</strong></span> 
     </span>
     <span class='ocr_line' id='line_1_30' title="bbox 451 3755 589 3794; baseline -0.007 0"><span class='ocrx_word' id='word_1_227' title='bbox 451 3755 589 3794; x_wconf 73' lang='lat' dir='ltr'><strong>osnrrns.</strong></span> 
     </span>
    </p>
   </div>
   <div class='ocr_carea' id='block_1_4' title="bbox 449 3831 1496 4294">
    <p class='ocr_par' dir='ltr' id='par_1_21' title="bbox 449 3831 1496 4199">
     <span class='ocr_line' id='line_1_31' title="bbox 490 3831 1495 3911; baseline -0.001 -20"><span class='ocrx_word' id='word_1_228' title='bbox 490 3842 598 3911; x_wconf 75' lang='lat' dir='ltr'><strong>&#39;neqrte</strong></span> <span class='ocrx_word' id='word_1_229' title='bbox 617 3835 679 3892; x_wconf 79' lang='lat' dir='ltr'><strong>aovi</strong></span> <span class='ocrx_word' id='word_1_230' title='bbox 702 3836 741 3908; x_wconf 82' lang='lat' dir='ltr'><strong>te]</strong></span> <span class='ocrx_word' id='word_1_231' title='bbox 769 3834 814 3893; x_wconf 88' lang='lat' dir='ltr'><strong>cl.</strong></span> <span class='ocrx_word' id='word_1_232' title='bbox 838 3834 990 3893; x_wconf 76' lang='lat' dir='ltr'><strong>sabbatius</strong></span> <span class='ocrx_word' id='word_1_233' title='bbox 1013 3834 1041 3891; x_wconf 89' lang='lat' dir='ltr'><strong>in</strong></span> <span class='ocrx_word' id='word_1_234' title='bbox 1065 3834 1151 3890; x_wconf 82' lang='lat' dir='ltr'><strong>Notis</strong></span> <span class='ocrx_word' id='word_1_235' title='bbox 1173 3833 1209 3889; x_wconf 86' lang='lat' dir='ltr'><strong>ad</strong></span> <span class='ocrx_word' id='word_1_236' title='bbox 1228 3832 1306 3889; x_wconf 81' lang='lat' dir='ltr'><strong>Vera.</strong></span> <span class='ocrx_word' id='word_1_237' title='bbox 1327 3831 1384 3889; x_wconf 80' lang='lat' dir='ltr'><strong>Vct.</strong></span> <span class='ocrx_word' id='word_1_238' title='bbox 1401 3831 1495 3890; x_wconf 81' lang='lat' dir='ltr'><strong>Italic.</strong></span> 
     </span>
     <span class='ocr_line' id='line_1_32' title="bbox 450 3928 1496 4007; baseline -0.002 -18"><span class='ocrx_word' id='word_1_239' title='bbox 450 3941 467 3964; x_wconf 86' lang='lat'><strong>“</strong></span> <span class='ocrx_word' id='word_1_240' title='bbox 480 3933 624 4007; x_wconf 81' lang='lat' dir='ltr'><strong>Anonym.</strong></span> <span class='ocrx_word' id='word_1_241' title='bbox 640 3932 685 3989; x_wconf 84' lang='lat' dir='ltr'><strong>De</strong></span> <span class='ocrx_word' id='word_1_242' title='bbox 700 3932 820 4006; x_wconf 83' lang='lat' dir='ltr'><strong>Rebapt.</strong></span> <span class='ocrx_word' id='word_1_243' title='bbox 838 3951 882 4006; x_wconf 88' lang='lat' dir='ltr'><strong>ap.</strong></span> <span class='ocrx_word' id='word_1_244' title='bbox 899 3933 986 4005; x_wconf 86' lang='lat' dir='ltr'><strong>Cypr.</strong></span> <span class='ocrx_word' id='word_1_245' title='bbox 1006 3931 1079 3987; x_wconf 86' lang='lat' dir='ltr'><strong>forte</strong></span> <span class='ocrx_word' id='word_1_246' title='bbox 1099 3950 1114 3987; x_wconf 89' lang='lat' dir='ltr'><strong>e</strong></span> <span class='ocrx_word' id='word_1_247' title='bbox 1134 3930 1236 3986; x_wconf 87' lang='lat' dir='ltr'><strong>Marco</strong></span> <span class='ocrx_word' id='word_1_248' title='bbox 1250 3929 1308 3985; x_wconf 84' lang='lat' dir='ltr'><strong>xiv.</strong></span> <span class='ocrx_word' id='word_1_249' title='bbox 1324 3928 1371 3985; x_wconf 88' lang='lat'><strong>68.</strong></span> <span class='ocrx_word' id='word_1_250' title='bbox 1394 3929 1496 3987; x_wconf 83' lang='lat' dir='ltr'><strong>Nescio</strong></span> 
     </span>
     <span class='ocr_line' id='line_1_33' title="bbox 449 4025 1494 4105; baseline -0.001 -20"><span class='ocrx_word' id='word_1_251' title='bbox 449 4039 467 4059; x_wconf 82' lang='lat'><strong>‘⁴</strong></span> <span class='ocrx_word' id='word_1_252' title='bbox 484 4031 554 4105; x_wconf 81' lang='lat' dir='ltr'><strong>quod</strong></span> <span class='ocrx_word' id='word_1_253' title='bbox 566 4029 742 4104; x_wconf 71' lang='lat' dir='ltr'><strong>dianamque</strong></span> <span class='ocrx_word' id='word_1_254' title='bbox 755 4030 817 4085; x_wconf 82' lang='lat' dir='ltr'><strong>aovi</strong></span> <span class='ocrx_word' id='word_1_255' title='bbox 831 4028 886 4095; x_wconf 83' lang='lat' dir='ltr'><strong>te,&#39;&#39;</strong></span> <span class='ocrx_word' id='word_1_256' title='bbox 899 4029 952 4083; x_wconf 90' lang='lat' dir='ltr'><strong>vol.</strong></span> <span class='ocrx_word' id='word_1_257' title='bbox 963 4028 985 4083; x_wconf 94' lang='lat' dir='ltr'><strong>l.</strong></span> <span class='ocrx_word' id='word_1_258' title='bbox 998 4047 1063 4102; x_wconf 85' lang='lat' dir='ltr'><strong>pag.</strong></span> <span class='ocrx_word' id='word_1_259' title='bbox 1078 4027 1143 4101; x_wconf 88' lang='lat'>169.</span> <span class='ocrx_word' id='word_1_260' title='bbox 1166 4026 1252 4095; x_wconf 87' lang='lat' dir='ltr'><strong>Quod</strong></span> <span class='ocrx_word' id='word_1_261' title='bbox 1263 4025 1299 4082; x_wconf 88' lang='lat' dir='ltr'><strong>ad</strong></span> <span class='ocrx_word' id='word_1_262' title='bbox 1311 4026 1342 4083; x_wconf 88' lang='lat' dir='ltr'><strong>S.</strong></span> <span class='ocrx_word' id='word_1_263' title='bbox 1352 4026 1494 4092; x_wconf 89' lang='lat' dir='ltr'><strong>Marcum,</strong></span> 
     </span>
     <span class='ocr_line' id='line_1_34' title="bbox 449 4120 1398 4199; baseline -0.002 -18"><span class='ocrx_word' id='word_1_264' title='bbox 449 4125 522 4199; x_wconf 78' lang='lat' dir='ltr'><strong>apud</strong></span> <span class='ocrx_word' id='word_1_265' title='bbox 536 4144 601 4181; x_wconf 86' lang='lat' dir='ltr'><strong>eum</strong></span> <span class='ocrx_word' id='word_1_266' title='bbox 616 4124 717 4181; x_wconf 79' lang='lat' dir='ltr'><strong>Groece</strong></span> <span class='ocrx_word' id='word_1_267' title='bbox 731 4124 844 4198; x_wconf 78' lang='lat' dir='ltr'><strong>legitur,</strong></span> <span class='ocrx_word' id='word_1_268' title='bbox 856 4127 908 4178; x_wconf 81' lang='grc' dir='ltr'><strong>Οὐκ</strong></span> <span class='ocrx_word' id='word_1_269' title='bbox 922 4120 985 4188; x_wconf 78' lang='grc' dir='ltr'><strong><em>οἶδα,</em></strong></span> <span class='ocrx_word' id='word_1_270' title='bbox 997 4126 1055 4179; x_wconf 66' lang='grc' dir='ltr'><strong>οὐδὲ</strong></span> <span class='ocrx_word' id='word_1_271' title='bbox 1070 4126 1206 4194; x_wconf 66' lang='grc' dir='ltr'>ἐπίσταμαι</span> <span class='ocrx_word' id='word_1_272' title='bbox 1220 4127 1245 4179; x_wconf 81' lang='grc' dir='ltr'><strong>τί</strong></span> <span class='ocrx_word' id='word_1_273' title='bbox 1259 4125 1293 4178; x_wconf 74' lang='grc' dir='ltr'><strong>σὺ</strong></span> <span class='ocrx_word' id='word_1_274' title='bbox 1307 4126 1398 4197; x_wconf 69' lang='grc' dir='ltr'>λέγεις.</span> 
     </span>
    </p>

    <p class='ocr_par' dir='ltr' id='par_1_22' title="bbox 487 4220 1371 4294">
     <span class='ocr_line' id='line_1_35' title="bbox 487 4220 1371 4294; baseline 0 -17"><span class='ocrx_word' id='word_1_275' title='bbox 487 4228 496 4257; x_wconf 81' lang='lat'>⁵</span> <span class='ocrx_word' id='word_1_276' title='bbox 510 4222 660 4294; x_wconf 87' lang='lat' dir='ltr'><strong>devotans]</strong></span> <span class='ocrx_word' id='word_1_277' title='bbox 677 4220 866 4278; x_wconf 89' lang='lat' dir='ltr'><strong>Tertullianus</strong></span> <span class='ocrx_word' id='word_1_278' title='bbox 881 4222 962 4285; x_wconf 83' lang='lat' dir='ltr'><strong>dixit,</strong></span> <span class='ocrx_word' id='word_1_279' title='bbox 979 4223 1169 4278; x_wconf 77' lang='lat' dir='ltr'><strong>devotamenta.</strong></span> <span class='ocrx_word' id='word_1_280' title='bbox 1194 4223 1371 4278; x_wconf 73' lang='lat' dir='ltr'><strong>Rrosnrrus.</strong></span> 
     </span>
    </p>
   </div>
   <div class='ocr_carea' id='block_1_5' title="bbox 0 0 1954 5167">
    <p class='ocr_par' dir='ltr' id='par_1_23' title="bbox 0 0 1954 5167">
     <span class='ocr_line' id='line_1_36' title="bbox 0 0 1954 5167; baseline 0 6"><span class='ocrx_word' id='word_1_281' title='bbox 0 0 1954 5167; x_wconf 95' lang='lat' dir='ltr'><strong> </strong></span> 
     </span>
    </p>
   </div>
  </div>
 </body>
</html>
