<?xml version="1.0" encoding="UTF-8"?>
<!DOCTYPE html PUBLIC "-//W3C//DTD XHTML 1.0 Transitional//EN"
    "http://www.w3.org/TR/xhtml1/DTD/xhtml1-transitional.dtd">
<html xmlns="http://www.w3.org/1999/xhtml" xml:lang="en" lang="en">
 <head>
  <title>
</title>
<meta http-equiv="Content-Type" content="text/html;charset=utf-8" />
  <meta name='ocr-system' content='tesseract 3.04.00' />
  <meta name='ocr-capabilities' content='ocr_page ocr_carea ocr_par ocr_line ocrx_word'/>
</head>
<body>
  <div class='ocr_page' id='page_1' title='image "./reliquiaesacrae05routgoog_0199.png"; bbox 0 0 3900 5167; ppageno 0'>
   <div class='ocr_carea' id='block_1_1' title="bbox 820 454 1497 526">
    <p class='ocr_par' dir='ltr' id='par_1_1' title="bbox 820 454 1497 526">
     <span class='ocr_line' id='line_1_1' title="bbox 820 454 1497 526; baseline 0.01 -9"><span class='ocrx_word' id='word_1_1' title='bbox 820 454 1129 520; x_wconf 83' lang='lat' dir='ltr'>DISPUTATIO.</span> <span class='ocrx_word' id='word_1_2' title='bbox 1433 460 1497 526; x_wconf 79' lang='lat'>187</span> 
     </span>
    </p>
   </div>
   <div class='ocr_carea' id='block_1_2' title="bbox 450 623 1494 1071">
    <p class='ocr_par' dir='ltr' id='par_1_2' title="bbox 450 623 1494 837">
     <span class='ocr_line' id='line_1_2' title="bbox 450 623 1494 720; baseline 0.009 -28"><span class='ocrx_word' id='word_1_3' title='bbox 450 623 590 695; x_wconf 87' lang='lat' dir='ltr'>litatem</span> <span class='ocrx_word' id='word_1_4' title='bbox 621 625 827 707; x_wconf 88' lang='lat' dir='ltr'>defendunt,</span> <span class='ocrx_word' id='word_1_5' title='bbox 855 627 1072 698; x_wconf 83' lang='lat' dir='ltr'>declinantes</span> <span class='ocrx_word' id='word_1_6' title='bbox 1102 629 1294 720; x_wconf 80' lang='lat' dir='ltr'>Scripturas</span> <span class='ocrx_word' id='word_1_7' title='bbox 1322 633 1415 701; x_wconf 86' lang='lat' dir='ltr'>viam</span> <span class='ocrx_word' id='word_1_8' title='bbox 1442 631 1494 701; x_wconf 93' lang='lat' dir='ltr'>di-</span> 
     </span>
     <span class='ocr_line' id='line_1_3' title="bbox 450 739 1202 837; baseline 0.007 -27"><span class='ocrx_word' id='word_1_9' title='bbox 450 751 605 823; x_wconf 88' lang='lat' dir='ltr'>rectam;</span> <span class='ocrx_word' id='word_1_10' title='bbox 630 739 692 811; x_wconf 83' lang='lat' dir='ltr'>scd</span> <span class='ocrx_word' id='word_1_11' title='bbox 705 764 774 811; x_wconf 82' lang='lat' dir='ltr'>non</span> <span class='ocrx_word' id='word_1_12' title='bbox 793 743 830 811; x_wconf 84' lang='lat' dir='ltr'>in</span> <span class='ocrx_word' id='word_1_13' title='bbox 848 741 996 837; x_wconf 76' lang='lat' dir='ltr'>amplius</span> <span class='ocrx_word' id='word_1_14' title='bbox 1009 743 1202 837; x_wconf 62' lang='lat' dir='ltr'>perficient.</span> 
     </span>
    </p>

    <p class='ocr_par' dir='ltr' id='par_1_3' title="bbox 450 853 1493 1071">
     <span class='ocr_line' id='line_1_4' title="bbox 502 853 1493 951; baseline 0.01 -28"><span class='ocrx_word' id='word_1_15' title='bbox 502 853 585 923; x_wconf 89' lang='lat' dir='ltr'><strong>LII.</strong></span> <span class='ocrx_word' id='word_1_16' title='bbox 607 853 739 927; x_wconf 91' lang='lat' dir='ltr'>Nullus</span> <span class='ocrx_word' id='word_1_17' title='bbox 755 865 877 929; x_wconf 89' lang='lat' dir='ltr'>tamen</span> <span class='ocrx_word' id='word_1_18' title='bbox 893 859 943 928; x_wconf 86' lang='lat' dir='ltr'>ita</span> <span class='ocrx_word' id='word_1_19' title='bbox 961 859 1187 950; x_wconf 87' lang='lat' dir='ltr'>impudenter</span> <span class='ocrx_word' id='word_1_20' title='bbox 1203 859 1384 951; x_wconf 84' lang='lat' dir='ltr'>praevaluit</span> <span class='ocrx_word' id='word_1_21' title='bbox 1401 864 1493 933; x_wconf 89' lang='lat' dir='ltr'>sicut</span> 
     </span>
     <span class='ocr_line' id='line_1_5' title="bbox 450 969 1493 1071; baseline 0.011 -33"><span class='ocrx_word' id='word_1_22' title='bbox 450 970 519 1040; x_wconf 88' lang='lat' dir='ltr'>iste</span> <span class='ocrx_word' id='word_1_23' title='bbox 544 969 766 1062; x_wconf 86' lang='lat' dir='ltr'>Scythianus.</span> <span class='ocrx_word' id='word_1_24' title='bbox 818 971 1026 1043; x_wconf 80' lang='lat' dir='ltr'>Inimicitias</span> <span class='ocrx_word' id='word_1_25' title='bbox 1051 977 1145 1045; x_wconf 88' lang='lat' dir='ltr'>enim</span> <span class='ocrx_word' id='word_1_26' title='bbox 1171 976 1263 1047; x_wconf 90' lang='lat' dir='ltr'>inter</span> <span class='ocrx_word' id='word_1_27' title='bbox 1283 977 1371 1047; x_wconf 92' lang='lat' dir='ltr'>duos</span> <span class='ocrx_word' id='word_1_28' title='bbox 1396 979 1493 1071; x_wconf 86' lang='lat' dir='ltr'>inge-</span> 
     </span>
    </p>
   </div>
   <div class='ocr_carea' id='block_1_3' title="bbox 405 1086 1498 2795">
    <p class='ocr_par' dir='ltr' id='par_1_4' title="bbox 405 1086 1498 2795">
     <span class='ocr_line' id='line_1_6' title="bbox 450 1086 1495 1184; baseline 0.01 -31"><span class='ocrx_word' id='word_1_29' title='bbox 450 1086 544 1156; x_wconf 91' lang='lat' dir='ltr'>nitos</span> <span class='ocrx_word' id='word_1_30' title='bbox 569 1087 776 1169; x_wconf 81' lang='lat' dir='ltr'>introduxit,</span> <span class='ocrx_word' id='word_1_31' title='bbox 795 1098 833 1158; x_wconf 90' lang='lat' dir='ltr'>et</span> <span class='ocrx_word' id='word_1_32' title='bbox 858 1090 975 1158; x_wconf 89' lang='lat' dir='ltr'>omnia</span> <span class='ocrx_word' id='word_1_33' title='bbox 1001 1089 1088 1172; x_wconf 88' lang='lat' dir='ltr'>haec,</span> <span class='ocrx_word' id='word_1_34' title='bbox 1106 1100 1207 1182; x_wconf 86' lang='lat' dir='ltr'>⁰quae</span> <span class='ocrx_word' id='word_1_35' title='bbox 1232 1104 1495 1184; x_wconf 91' lang='lat' dir='ltr'>consequuntur</span> 
     </span>
     <span class='ocr_line' id='line_1_7' title="bbox 450 1199 1495 1302; baseline 0.011 -33"><span class='ocrx_word' id='word_1_36' title='bbox 450 1199 695 1291; x_wconf 89' lang='lat' dir='ltr'>hujuscemodi</span> <span class='ocrx_word' id='word_1_37' title='bbox 718 1205 956 1274; x_wconf 80' lang='lat' dir='ltr'>assertionem.</span> <span class='ocrx_word' id='word_1_38' title='bbox 1009 1204 1152 1297; x_wconf 84' lang='lat' dir='ltr'>Quique</span> <span class='ocrx_word' id='word_1_39' title='bbox 1181 1207 1394 1299; x_wconf 74' lang='lat' dir='ltr'>scythianus</span> <span class='ocrx_word' id='word_1_40' title='bbox 1419 1210 1495 1302; x_wconf 88' lang='lat' dir='ltr'>ipse</span> 
     </span>
     <span class='ocr_line' id='line_1_8' title="bbox 451 1316 1493 1413; baseline 0.009 -28"><span class='ocrx_word' id='word_1_41' title='bbox 451 1337 498 1385; x_wconf 85' lang='lat' dir='ltr'>ex</span> <span class='ocrx_word' id='word_1_42' title='bbox 519 1339 649 1409; x_wconf 85' lang='lat' dir='ltr'>genere</span> <span class='ocrx_word' id='word_1_43' title='bbox 672 1316 926 1388; x_wconf 87' lang='lat' dir='ltr'>Saracenorum</span> <span class='ocrx_word' id='word_1_44' title='bbox 952 1320 1032 1403; x_wconf 87' lang='lat' dir='ltr'>fuit,</span> <span class='ocrx_word' id='word_1_45' title='bbox 1053 1330 1090 1390; x_wconf 91' lang='lat' dir='ltr'>et</span> <span class='ocrx_word' id='word_1_46' title='bbox 1116 1323 1291 1413; x_wconf 88' lang='lat' dir='ltr'>captivam</span> <span class='ocrx_word' id='word_1_47' title='bbox 1316 1325 1493 1413; x_wconf 90' lang='lat' dir='ltr'>quandam</span> 
     </span>
     <span class='ocr_line' id='line_1_9' title="bbox 450 1432 1494 1529; baseline 0.007 -28"><span class='ocrx_word' id='word_1_48' title='bbox 450 1432 588 1523; x_wconf 85' lang='lat' dir='ltr'>aceepit</span> <span class='ocrx_word' id='word_1_49' title='bbox 621 1455 770 1503; x_wconf 87' lang='lat' dir='ltr'>uxorem</span> <span class='ocrx_word' id='word_1_50' title='bbox 804 1435 849 1504; x_wconf 90' lang='lat' dir='ltr'>de</span> <span class='ocrx_word' id='word_1_51' title='bbox 882 1436 1061 1527; x_wconf 80' lang='lat' dir='ltr'>superiore</span> <span class='ocrx_word' id='word_1_52' title='bbox 1087 1436 1275 1519; x_wconf 78' lang='lat' dir='ltr'>Thebaide,</span> <span class='ocrx_word' id='word_1_53' title='bbox 1304 1462 1381 1529; x_wconf 88' lang='lat' dir='ltr'>quae</span> <span class='ocrx_word' id='word_1_54' title='bbox 1410 1462 1494 1508; x_wconf 91' lang='lat' dir='ltr'>eum</span> 
     </span>
     <span class='ocr_line' id='line_1_10' title="bbox 450 1546 1495 1644; baseline 0.004 -28"><span class='ocrx_word' id='word_1_55' title='bbox 450 1547 560 1616; x_wconf 80' lang='lat' dir='ltr'>suasit</span> <span class='ocrx_word' id='word_1_56' title='bbox 584 1546 744 1617; x_wconf 90' lang='lat' dir='ltr'>hahitare</span> <span class='ocrx_word' id='word_1_57' title='bbox 766 1549 803 1617; x_wconf 92' lang='lat' dir='ltr'>in</span> <span class='ocrx_word' id='word_1_58' title='bbox 823 1548 980 1643; x_wconf 82' lang='lat' dir='ltr'>AEgypto</span> <span class='ocrx_word' id='word_1_59' title='bbox 1005 1552 1126 1644; x_wconf 84' lang='lat' dir='ltr'>magis,</span> <span class='ocrx_word' id='word_1_60' title='bbox 1144 1574 1250 1642; x_wconf 89' lang='lat' dir='ltr'>quam</span> <span class='ocrx_word' id='word_1_61' title='bbox 1275 1553 1312 1621; x_wconf 89' lang='lat' dir='ltr'>in</span> <span class='ocrx_word' id='word_1_62' title='bbox 1338 1553 1495 1622; x_wconf 91' lang='lat' dir='ltr'>desertis.</span> 
     </span>
     <span class='ocr_line' id='line_1_11' title="bbox 450 1661 1495 1759; baseline 0.006 -28"><span class='ocrx_word' id='word_1_63' title='bbox 450 1661 576 1754; x_wconf 89' lang='lat' dir='ltr'>Atque</span> <span class='ocrx_word' id='word_1_64' title='bbox 600 1664 736 1732; x_wconf 91' lang='lat' dir='ltr'>utinam</span> <span class='ocrx_word' id='word_1_65' title='bbox 754 1687 933 1756; x_wconf 89' lang='lat' dir='ltr'>nunquam</span> <span class='ocrx_word' id='word_1_66' title='bbox 952 1689 1034 1735; x_wconf 90' lang='lat' dir='ltr'>eum</span> <span class='ocrx_word' id='word_1_67' title='bbox 1052 1665 1113 1735; x_wconf 93' lang='lat' dir='ltr'>illa</span> <span class='ocrx_word' id='word_1_68' title='bbox 1130 1669 1309 1758; x_wconf 87' lang='lat' dir='ltr'>provincia</span> <span class='ocrx_word' id='word_1_69' title='bbox 1325 1669 1495 1759; x_wconf 90' lang='lat' dir='ltr'>suscepis-</span> 
     </span>
     <span class='ocr_line' id='line_1_12' title="bbox 450 1781 1494 1876; baseline 0.005 -27"><span class='ocrx_word' id='word_1_70' title='bbox 450 1788 516 1860; x_wconf 89' lang='lat' dir='ltr'>set,</span> <span class='ocrx_word' id='word_1_71' title='bbox 542 1782 599 1848; x_wconf 77' lang='lat' dir='ltr'>Pin</span> <span class='ocrx_word' id='word_1_72' title='bbox 626 1803 695 1873; x_wconf 89' lang='lat' dir='ltr'>qua</span> <span class='ocrx_word' id='word_1_73' title='bbox 717 1802 799 1851; x_wconf 89' lang='lat' dir='ltr'>cum</span> <span class='ocrx_word' id='word_1_74' title='bbox 824 1803 906 1853; x_wconf 90' lang='lat' dir='ltr'>eum</span> <span class='ocrx_word' id='word_1_75' title='bbox 932 1781 1119 1865; x_wconf 87' lang='lat' dir='ltr'>habitaret,</span> <span class='ocrx_word' id='word_1_76' title='bbox 1142 1805 1224 1853; x_wconf 91' lang='lat' dir='ltr'>cum</span> <span class='ocrx_word' id='word_1_77' title='bbox 1248 1781 1494 1876; x_wconf 86' lang='lat' dir='ltr'>AEgyptiorum</span> 
     </span>
     <span class='ocr_line' id='line_1_13' title="bbox 405 1897 1495 1993; baseline 0.003 -28"><span class='ocrx_word' id='word_1_78' title='bbox 405 1984 407 1993; x_wconf 85' lang='lat'>.</span> <span class='ocrx_word' id='word_1_79' title='bbox 450 1897 660 1987; x_wconf 89' lang='lat' dir='ltr'>sapientiam</span> <span class='ocrx_word' id='word_1_80' title='bbox 683 1898 883 1981; x_wconf 90' lang='lat' dir='ltr'>didicisset;</span> <span class='ocrx_word' id='word_1_81' title='bbox 909 1908 986 1969; x_wconf 90' lang='lat' dir='ltr'>erat</span> <span class='ocrx_word' id='word_1_82' title='bbox 1003 1900 1110 1982; x_wconf 89' lang='lat' dir='ltr'>enim,</span> <span class='ocrx_word' id='word_1_83' title='bbox 1127 1912 1168 1968; x_wconf 86' lang='lat' dir='ltr'>ut</span> <span class='ocrx_word' id='word_1_84' title='bbox 1186 1900 1281 1991; x_wconf 89' lang='lat' dir='ltr'>quod</span> <span class='ocrx_word' id='word_1_85' title='bbox 1300 1921 1422 1970; x_wconf 85' lang='lat' dir='ltr'>verum</span> <span class='ocrx_word' id='word_1_86' title='bbox 1440 1908 1495 1969; x_wconf 89' lang='lat' dir='ltr'>est</span> 
     </span>
     <span class='ocr_line' id='line_1_14' title="bbox 452 2011 1494 2106; baseline 0.006 -27"><span class='ocrx_word' id='word_1_87' title='bbox 452 2011 619 2094; x_wconf 90' lang='lat' dir='ltr'>dicamus,</span> <span class='ocrx_word' id='word_1_88' title='bbox 637 2011 740 2082; x_wconf 87' lang='lat' dir='ltr'>valde</span> <span class='ocrx_word' id='word_1_89' title='bbox 760 2013 858 2082; x_wconf 87' lang='lat' dir='ltr'>dives</span> <span class='ocrx_word' id='word_1_90' title='bbox 883 2014 1034 2106; x_wconf 87' lang='lat' dir='ltr'>ingenio,</span> <span class='ocrx_word' id='word_1_91' title='bbox 1053 2023 1090 2082; x_wconf 87' lang='lat' dir='ltr'>et</span> <span class='ocrx_word' id='word_1_92' title='bbox 1107 2015 1243 2105; x_wconf 90' lang='lat' dir='ltr'>opibus,</span> <span class='ocrx_word' id='word_1_93' title='bbox 1261 2015 1351 2084; x_wconf 90' lang='lat' dir='ltr'>sicut</span> <span class='ocrx_word' id='word_1_94' title='bbox 1368 2015 1414 2096; x_wconf 92' lang='lat' dir='ltr'>hi,</span> <span class='ocrx_word' id='word_1_95' title='bbox 1434 2017 1494 2106; x_wconf 92' lang='lat' dir='ltr'>qui</span> 
     </span>
     <span class='ocr_line' id='line_1_15' title="bbox 451 2125 1495 2220; baseline 0.005 -26"><span class='ocrx_word' id='word_1_96' title='bbox 451 2125 611 2196; x_wconf 87' lang='lat' dir='ltr'>sciebant</span> <span class='ocrx_word' id='word_1_97' title='bbox 623 2150 705 2196; x_wconf 91' lang='lat' dir='ltr'>eum</span> <span class='ocrx_word' id='word_1_98' title='bbox 719 2151 780 2220; x_wconf 91' lang='lat' dir='ltr'>per</span> <span class='ocrx_word' id='word_1_99' title='bbox 797 2128 1034 2211; x_wconf 87' lang='lat' dir='ltr'>traditionem,</span> <span class='ocrx_word' id='word_1_100' title='bbox 1048 2130 1148 2199; x_wconf 91' lang='lat' dir='ltr'>nobis</span> <span class='ocrx_word' id='word_1_101' title='bbox 1162 2152 1303 2220; x_wconf 90' lang='lat' dir='ltr'>quoque</span> <span class='ocrx_word' id='word_1_102' title='bbox 1316 2129 1495 2199; x_wconf 87' lang='lat' dir='ltr'>testificati</span> 
     </span>
     <span class='ocr_line' id='line_1_16' title="bbox 451 2240 1496 2336; baseline 0.004 -25"><span class='ocrx_word' id='word_1_103' title='bbox 451 2250 544 2311; x_wconf 88' lang='lat' dir='ltr'>suut.</span> <span class='ocrx_word' id='word_1_104' title='bbox 596 2240 820 2336; x_wconf 91' lang='lat' dir='ltr'>Discipulum</span> <span class='ocrx_word' id='word_1_105' title='bbox 845 2253 964 2314; x_wconf 91' lang='lat' dir='ltr'>autem</span> <span class='ocrx_word' id='word_1_106' title='bbox 993 2244 1117 2314; x_wconf 91' lang='lat' dir='ltr'>habuit</span> <span class='ocrx_word' id='word_1_107' title='bbox 1138 2246 1314 2336; x_wconf 89' lang='lat' dir='ltr'>quendam</span> <span class='ocrx_word' id='word_1_108' title='bbox 1332 2246 1496 2315; x_wconf 71' lang='lat' dir='ltr'>‘inomina</span> 
     </span>
     <span class='ocr_line' id='line_1_17' title="bbox 450 2354 1497 2451; baseline 0.005 -27"><span class='ocrx_word' id='word_1_109' title='bbox 450 2354 717 2443; x_wconf 83' lang='lat' dir='ltr'>Terebinthum,</span> <span class='ocrx_word' id='word_1_110' title='bbox 734 2361 793 2451; x_wconf 94' lang='lat' dir='ltr'>qui</span> <span class='ocrx_word' id='word_1_111' title='bbox 819 2360 958 2450; x_wconf 84' lang='lat' dir='ltr'>scripsit</span> <span class='ocrx_word' id='word_1_112' title='bbox 982 2360 1016 2429; x_wconf 89' lang='lat' dir='ltr'>ei</span> <span class='ocrx_word' id='word_1_113' title='bbox 1042 2370 1193 2451; x_wconf 89' lang='lat' dir='ltr'>quatuor</span> <span class='ocrx_word' id='word_1_114' title='bbox 1218 2360 1334 2441; x_wconf 86' lang='lat' dir='ltr'>libros,</span> <span class='ocrx_word' id='word_1_115' title='bbox 1353 2383 1398 2429; x_wconf 89' lang='lat' dir='ltr'>ex</span> <span class='ocrx_word' id='word_1_116' title='bbox 1420 2361 1497 2451; x_wconf 91' lang='lat' dir='ltr'>qui·</span> 
     </span>
     <span class='ocr_line' id='line_1_18' title="bbox 451 2472 1495 2568; baseline 0.004 -26"><span class='ocrx_word' id='word_1_117' title='bbox 451 2472 517 2543; x_wconf 91' lang='lat' dir='ltr'>bus</span> <span class='ocrx_word' id='word_1_118' title='bbox 547 2498 657 2545; x_wconf 90' lang='lat' dir='ltr'>unum</span> <span class='ocrx_word' id='word_1_119' title='bbox 690 2476 833 2566; x_wconf 88' lang='lat' dir='ltr'>quidem</span> <span class='ocrx_word' id='word_1_120' title='bbox 866 2474 1057 2567; x_wconf 86' lang='lat' dir='ltr'>appellavit</span> <span class='ocrx_word' id='word_1_121' title='bbox 1093 2474 1356 2568; x_wconf 86' lang='lat' dir='ltr'>Mysteriorum,</span> <span class='ocrx_word' id='word_1_122' title='bbox 1386 2474 1495 2546; x_wconf 91' lang='lat' dir='ltr'>alium</span> 
     </span>
     <span class='ocr_line' id='line_1_19' title="bbox 451 2588 1498 2683; baseline 0.001 -24"><span class='ocrx_word' id='word_1_123' title='bbox 451 2613 535 2659; x_wconf 87' lang='lat' dir='ltr'>vero</span> <span class='ocrx_word' id='word_1_124' title='bbox 565 2588 819 2682; x_wconf 86' lang='lat' dir='ltr'>Capitulorum‚</span> <span class='ocrx_word' id='word_1_125' title='bbox 851 2590 997 2660; x_wconf 89' lang='lat' dir='ltr'>tertium</span> <span class='ocrx_word' id='word_1_126' title='bbox 1028 2599 1148 2661; x_wconf 91' lang='lat' dir='ltr'>autem</span> <span class='ocrx_word' id='word_1_127' title='bbox 1180 2590 1430 2683; x_wconf 84' lang='lat' dir='ltr'>Evangelium,</span> <span class='ocrx_word' id='word_1_128' title='bbox 1459 2601 1498 2661; x_wconf 90' lang='lat' dir='ltr'>et</span> 
     </span>
     <span class='ocr_line' id='line_1_20' title="bbox 451 2703 1497 2795; baseline 0.001 -24"><span class='ocrx_word' id='word_1_129' title='bbox 451 2703 679 2773; x_wconf 86' lang='lat' dir='ltr'>novissimum</span> <span class='ocrx_word' id='word_1_130' title='bbox 698 2705 855 2773; x_wconf 89' lang='lat' dir='ltr'>omnium</span> <span class='ocrx_word' id='word_1_131' title='bbox 872 2703 1091 2773; x_wconf 87' lang='lat' dir='ltr'>Thesaurum</span> <span class='ocrx_word' id='word_1_132' title='bbox 1117 2703 1320 2795; x_wconf 88' lang='lat' dir='ltr'>appellavit,</span> <span class='ocrx_word' id='word_1_133' title='bbox 1337 2712 1375 2771; x_wconf 90' lang='lat' dir='ltr'>et</span> <span class='ocrx_word' id='word_1_134' title='bbox 1395 2712 1497 2772; x_wconf 91' lang='lat' dir='ltr'>erant</span> 
     </span>
    </p>
   </div>
   <div class='ocr_carea' id='block_1_4' title="bbox 450 2963 1498 4475">
    <p class='ocr_par' dir='ltr' id='par_1_5' title="bbox 490 2963 1362 3042">
     <span class='ocr_line' id='line_1_21' title="bbox 490 2963 1362 3042; baseline 0.001 -22"><span class='ocrx_word' id='word_1_135' title='bbox 490 2972 505 3005; x_wconf 85' lang='lat'>⁰</span> <span class='ocrx_word' id='word_1_136' title='bbox 521 2963 556 3021; x_wconf 88' lang='lat' dir='ltr'>Iu</span> <span class='ocrx_word' id='word_1_137' title='bbox 570 2963 717 3021; x_wconf 68' lang='lat' dir='ltr'>Catinensi</span> <span class='ocrx_word' id='word_1_138' title='bbox 731 2965 837 3031; x_wconf 88' lang='lat' dir='ltr'>codice,</span> <span class='ocrx_word' id='word_1_139' title='bbox 852 2984 909 3041; x_wconf 78' lang='lat' dir='ltr'>quc</span> <span class='ocrx_word' id='word_1_140' title='bbox 922 2986 980 3022; x_wconf 83' lang='lat' dir='ltr'>eum</span> <span class='ocrx_word' id='word_1_141' title='bbox 993 2975 1157 3042; x_wconf 80' lang='lat' dir='ltr'>sequuntur:</span> <span class='ocrx_word' id='word_1_142' title='bbox 1180 2966 1255 3021; x_wconf 88' lang='lat' dir='ltr'>mala</span> <span class='ocrx_word' id='word_1_143' title='bbox 1267 2965 1362 3022; x_wconf 90' lang='lat' dir='ltr'>lectio.</span> 
     </span>
    </p>

    <p class='ocr_par' dir='ltr' id='par_1_6' title="bbox 450 3060 1495 3524">
     <span class='ocr_line' id='line_1_22' title="bbox 492 3060 1494 3139; baseline -0.004 -18"><span class='ocrx_word' id='word_1_144' title='bbox 492 3075 508 3121; x_wconf 85' lang='grc' dir='ltr'><strong>Ρ</strong></span> <span class='ocrx_word' id='word_1_145' title='bbox 522 3060 579 3118; x_wconf 87' lang='lat' dir='ltr'>Hic</span> <span class='ocrx_word' id='word_1_146' title='bbox 592 3061 728 3118; x_wconf 84' lang='lat' dir='ltr'>nonnulla</span> <span class='ocrx_word' id='word_1_147' title='bbox 741 3062 840 3120; x_wconf 83' lang='lat' dir='ltr'>deesse</span> <span class='ocrx_word' id='word_1_148' title='bbox 848 3063 940 3137; x_wconf 89' lang='lat' dir='ltr'>palam</span> <span class='ocrx_word' id='word_1_149' title='bbox 956 3072 1010 3120; x_wconf 89' lang='lat' dir='ltr'>est.</span> <span class='ocrx_word' id='word_1_150' title='bbox 1040 3064 1135 3129; x_wconf 84' lang='lat' dir='ltr'>Forte,</span> <span class='ocrx_word' id='word_1_151' title='bbox 1149 3065 1177 3119; x_wconf 81' lang='lat' dir='ltr'>in</span> <span class='ocrx_word' id='word_1_152' title='bbox 1188 3083 1240 3139; x_wconf 82' lang='lat' dir='ltr'>quc</span> <span class='ocrx_word' id='word_1_153' title='bbox 1254 3082 1314 3119; x_wconf 86' lang='lat' dir='ltr'>cum</span> <span class='ocrx_word' id='word_1_154' title='bbox 1329 3064 1375 3119; x_wconf 82' lang='lat' dir='ltr'>dis</span> <span class='ocrx_word' id='word_1_155' title='bbox 1389 3062 1494 3118; x_wconf 81' lang='lat' dir='ltr'>habitu·</span> 
     </span>
     <span class='ocr_line' id='line_1_23' title="bbox 450 3158 1494 3236; baseline -0.002 -20"><span class='ocrx_word' id='word_1_156' title='bbox 450 3168 502 3223; x_wconf 86' lang='lat' dir='ltr'>ret,</span> <span class='ocrx_word' id='word_1_157' title='bbox 524 3160 687 3236; x_wconf 65' lang='lat' dir='ltr'>depravatu</span> <span class='ocrx_word' id='word_1_158' title='bbox 706 3166 756 3224; x_wconf 80' lang='lat' dir='ltr'>est,</span> <span class='ocrx_word' id='word_1_159' title='bbox 776 3179 835 3216; x_wconf 81' lang='lat' dir='ltr'>cum</span> <span class='ocrx_word' id='word_1_160' title='bbox 848 3161 1043 3235; x_wconf 72' lang='lat' dir='ltr'>AEpyptiorum</span> <span class='ocrx_word' id='word_1_161' title='bbox 1063 3161 1222 3235; x_wconf 83' lang='lat' dir='ltr'>sapientiam</span> <span class='ocrx_word' id='word_1_162' title='bbox 1236 3161 1384 3216; x_wconf 80' lang='lat' dir='ltr'>didicisset.</span> <span class='ocrx_word' id='word_1_163' title='bbox 1421 3158 1494 3215; x_wconf 90' lang='lat' dir='ltr'>Cod.</span> 
     </span>
     <span class='ocr_line' id='line_1_24' title="bbox 451 3256 1494 3335; baseline -0.005 -19"><span class='ocrx_word' id='word_1_164' title='bbox 451 3261 525 3335; x_wconf 83' lang='lat' dir='ltr'>Reg.</span> <span class='ocrx_word' id='word_1_165' title='bbox 540 3260 624 3316; x_wconf 86' lang='lat' dir='ltr'>Alex.</span> <span class='ocrx_word' id='word_1_166' title='bbox 636 3258 704 3314; x_wconf 77' lang='lat' dir='ltr'>Vnt.</span> <span class='ocrx_word' id='word_1_167' title='bbox 720 3259 747 3314; x_wconf 80' lang='lat' dir='ltr'>is</span> <span class='ocrx_word' id='word_1_168' title='bbox 761 3276 813 3332; x_wconf 84' lang='lat' dir='ltr'>quc</span> <span class='ocrx_word' id='word_1_169' title='bbox 827 3277 885 3314; x_wconf 81' lang='lat' dir='ltr'>cum</span> <span class='ocrx_word' id='word_1_170' title='bbox 899 3258 1044 3323; x_wconf 77' lang='lat' dir='ltr'>habitaret,</span> <span class='ocrx_word' id='word_1_171' title='bbox 1058 3265 1084 3313; x_wconf 82' lang='lat' dir='ltr'>et</span> <span class='ocrx_word' id='word_1_172' title='bbox 1099 3258 1303 3332; x_wconf 77' lang='lat' dir='ltr'>AEqyptiorum.</span> <span class='ocrx_word' id='word_1_173' title='bbox 1337 3257 1411 3312; x_wconf 90' lang='lat' dir='ltr'>Mox</span> <span class='ocrx_word' id='word_1_174' title='bbox 1425 3256 1494 3313; x_wconf 88' lang='lat' dir='ltr'>ibid.</span> 
     </span>
     <span class='ocr_line' id='line_1_25' title="bbox 450 3355 1495 3430; baseline -0.005 -17"><span class='ocrx_word' id='word_1_175' title='bbox 450 3357 544 3413; x_wconf 76' lang='lat' dir='ltr'>testati</span> <span class='ocrx_word' id='word_1_176' title='bbox 563 3365 635 3422; x_wconf 80' lang='lat' dir='ltr'>sust,</span> <span class='ocrx_word' id='word_1_177' title='bbox 652 3374 713 3430; x_wconf 91' lang='lat' dir='ltr'>pro,</span> <span class='ocrx_word' id='word_1_178' title='bbox 730 3355 870 3429; x_wconf 81' lang='lat' dir='ltr'>testificati</span> <span class='ocrx_word' id='word_1_179' title='bbox 889 3362 959 3411; x_wconf 79' lang='lat' dir='ltr'>sunt.</span> <span class='ocrx_word' id='word_1_180' title='bbox 996 3355 1074 3427; x_wconf 85' lang='lat' dir='ltr'>(For.</span> <span class='ocrx_word' id='word_1_181' title='bbox 1090 3355 1253 3429; x_wconf 87' lang='lat' dir='ltr'>legendum,</span> <span class='ocrx_word' id='word_1_182' title='bbox 1268 3355 1296 3410; x_wconf 80' lang='lat' dir='ltr'>in</span> <span class='ocrx_word' id='word_1_183' title='bbox 1310 3372 1362 3428; x_wconf 82' lang='lat' dir='ltr'>quo</span> <span class='ocrx_word' id='word_1_184' title='bbox 1381 3372 1442 3409; x_wconf 83' lang='lat' dir='ltr'>cum</span> <span class='ocrx_word' id='word_1_185' title='bbox 1463 3372 1495 3408; x_wconf 86' lang='lat' dir='ltr'>ea</span> 
     </span>
     <span class='ocr_line' id='line_1_26' title="bbox 451 3453 607 3524; baseline -0.019 -13"><span class='ocrx_word' id='word_1_186' title='bbox 451 3453 607 3524; x_wconf 68' lang='lat' dir='ltr'>misam.)</span> 
     </span>
    </p>

    <p class='ocr_par' dir='ltr' id='par_1_7' title="bbox 451 3541 1498 4398">
     <span class='ocr_line' id='line_1_27' title="bbox 490 3541 1495 3607; baseline -0.004 -5"><span class='ocrx_word' id='word_1_187' title='bbox 490 3557 507 3602; x_wconf 66' lang='lat' dir='ltr'>a</span> <span class='ocrx_word' id='word_1_188' title='bbox 528 3546 567 3604; x_wconf 79' lang='lat' dir='ltr'>Et</span> <span class='ocrx_word' id='word_1_189' title='bbox 586 3546 633 3603; x_wconf 91' lang='lat' dir='ltr'>hic</span> <span class='ocrx_word' id='word_1_190' title='bbox 653 3546 818 3602; x_wconf 83' lang='lat' dir='ltr'>manifestus</span> <span class='ocrx_word' id='word_1_191' title='bbox 837 3553 882 3602; x_wconf 89' lang='lat' dir='ltr'>est</span> <span class='ocrx_word' id='word_1_192' title='bbox 897 3545 1003 3602; x_wconf 88' lang='lat' dir='ltr'>librarii</span> <span class='ocrx_word' id='word_1_193' title='bbox 1021 3562 1100 3601; x_wconf 87' lang='lat' dir='ltr'>error</span> <span class='ocrx_word' id='word_1_194' title='bbox 1117 3544 1146 3600; x_wconf 90' lang='lat' dir='ltr'>in</span> <span class='ocrx_word' id='word_1_195' title='bbox 1165 3545 1263 3601; x_wconf 91' lang='lat' dir='ltr'>codice</span> <span class='ocrx_word' id='word_1_196' title='bbox 1286 3541 1445 3607; x_wconf 85' lang='lat' dir='ltr'>Casinensi,</span> <span class='ocrx_word' id='word_1_197' title='bbox 1466 3544 1495 3598; x_wconf 91' lang='lat' dir='ltr'>in</span> 
     </span>
     <span class='ocr_line' id='line_1_28' title="bbox 451 3639 1496 3722; baseline -0.009 -19"><span class='ocrx_word' id='word_1_198' title='bbox 451 3666 517 3722; x_wconf 89' lang='lat' dir='ltr'>quo,</span> <span class='ocrx_word' id='word_1_199' title='bbox 532 3644 664 3702; x_wconf 87' lang='lat' dir='ltr'>scribitur</span> <span class='ocrx_word' id='word_1_200' title='bbox 679 3644 840 3709; x_wconf 67' lang='lat' dir='ltr'>Terbouerm</span> <span class='ocrx_word' id='word_1_201' title='bbox 858 3663 923 3699; x_wconf 91' lang='lat' dir='ltr'>nam</span> <span class='ocrx_word' id='word_1_202' title='bbox 947 3642 1070 3717; x_wconf 87' lang='lat' dir='ltr'>Cyrillus</span> <span class='ocrx_word' id='word_1_203' title='bbox 1093 3642 1283 3716; x_wconf 89' lang='lat' dir='ltr'>Hierosolym.</span> <span class='ocrx_word' id='word_1_204' title='bbox 1303 3639 1453 3697; x_wconf 86' lang='lat' dir='ltr'>Catechesi</span> <span class='ocrx_word' id='word_1_205' title='bbox 1468 3640 1496 3695; x_wconf 90' lang='lat'>6.</span> 
     </span>
     <span class='ocr_line' id='line_1_29' title="bbox 451 3733 1498 3811; baseline -0.011 -11"><span class='ocrx_word' id='word_1_206' title='bbox 451 3751 480 3800; x_wconf 90' lang='lat' dir='ltr'>et</span> <span class='ocrx_word' id='word_1_207' title='bbox 500 3741 548 3799; x_wconf 85' lang='lat' dir='ltr'>alii</span> <span class='ocrx_word' id='word_1_208' title='bbox 568 3757 668 3797; x_wconf 89' lang='lat' dir='ltr'>omnes</span> <span class='ocrx_word' id='word_1_209' title='bbox 688 3740 838 3811; x_wconf 79' lang='grc' dir='ltr'>Τέρβινθον,</span> <span class='ocrx_word' id='word_1_210' title='bbox 856 3737 1037 3801; x_wconf 76' lang='lat' dir='ltr'>Terhintitum,</span> <span class='ocrx_word' id='word_1_211' title='bbox 1057 3756 1107 3794; x_wconf 88' lang='lat' dir='ltr'>seu</span> <span class='ocrx_word' id='word_1_212' title='bbox 1129 3737 1325 3801; x_wconf 79' lang='lat' dir='ltr'>Terebinthom,</span> <span class='ocrx_word' id='word_1_213' title='bbox 1350 3733 1498 3810; x_wconf 85' lang='lat' dir='ltr'>Scythiani</span> 
     </span>
     <span class='ocr_line' id='line_1_30' title="bbox 452 3832 1495 3914; baseline -0.009 -17"><span class='ocrx_word' id='word_1_214' title='bbox 452 3839 618 3914; x_wconf 89' lang='lat' dir='ltr'>discipulum</span> <span class='ocrx_word' id='word_1_215' title='bbox 631 3836 747 3893; x_wconf 86' lang='lat' dir='ltr'>faciunt.</span> <span class='ocrx_word' id='word_1_216' title='bbox 790 3835 866 3904; x_wconf 91' lang='lat' dir='ltr'>Quin</span> <span class='ocrx_word' id='word_1_217' title='bbox 881 3836 953 3893; x_wconf 86' lang='lat' dir='ltr'>etin</span> <span class='ocrx_word' id='word_1_218' title='bbox 968 3853 1045 3908; x_wconf 87' lang='lat' dir='ltr'>seqq.</span> <span class='ocrx_word' id='word_1_219' title='bbox 1061 3834 1164 3908; x_wconf 89' lang='lat' dir='ltr'>ubique</span> <span class='ocrx_word' id='word_1_220' title='bbox 1180 3834 1340 3890; x_wconf 78' lang='lat' dir='ltr'>Terevcntus</span> <span class='ocrx_word' id='word_1_221' title='bbox 1354 3832 1495 3889; x_wconf 87' lang='lat' dir='ltr'>scribitur.</span> 
     </span>
     <span class='ocr_line' id='line_1_31' title="bbox 451 3928 1496 4007; baseline -0.011 -12"><span class='ocrx_word' id='word_1_222' title='bbox 451 3937 537 4006; x_wconf 85' lang='lat' dir='ltr'>Quod</span> <span class='ocrx_word' id='word_1_223' title='bbox 551 3954 618 3992; x_wconf 88' lang='lat' dir='ltr'>vcro</span> <span class='ocrx_word' id='word_1_224' title='bbox 628 3934 668 3990; x_wconf 83' lang='lat' dir='ltr'>ait</span> <span class='ocrx_word' id='word_1_225' title='bbox 677 3933 841 3998; x_wconf 87' lang='lat' dir='ltr'>Archelaus,</span> <span class='ocrx_word' id='word_1_226' title='bbox 851 3932 926 3988; x_wconf 91' lang='lat' dir='ltr'>hunc</span> <span class='ocrx_word' id='word_1_227' title='bbox 938 3930 1094 4007; x_wconf 84' lang='lat' dir='ltr'>Scythiano</span> <span class='ocrx_word' id='word_1_228' title='bbox 1109 3931 1253 4005; x_wconf 83' lang='lat' dir='ltr'>scripsisse</span> <span class='ocrx_word' id='word_1_229' title='bbox 1264 3937 1385 4004; x_wconf 89' lang='lat' dir='ltr'>quatuor</span> <span class='ocrx_word' id='word_1_230' title='bbox 1397 3928 1496 3994; x_wconf 88' lang='lat' dir='ltr'>libros,</span> 
     </span>
     <span class='ocr_line' id='line_1_32' title="bbox 452 4026 1494 4109; baseline -0.012 -17"><span class='ocrx_word' id='word_1_231' title='bbox 452 4053 521 4109; x_wconf 86' lang='lat' dir='ltr'>quos</span> <span class='ocrx_word' id='word_1_232' title='bbox 535 4039 672 4096; x_wconf 87' lang='lat' dir='ltr'>recenset,</span> <span class='ocrx_word' id='word_1_233' title='bbox 687 4031 859 4087; x_wconf 86' lang='lat' dir='ltr'>contrarium</span> <span class='ocrx_word' id='word_1_234' title='bbox 873 4039 917 4087; x_wconf 89' lang='lat' dir='ltr'>est</span> <span class='ocrx_word' id='word_1_235' title='bbox 932 4028 1030 4103; x_wconf 89' lang='lat' dir='ltr'>Cyrilli</span> <span class='ocrx_word' id='word_1_236' title='bbox 1042 4047 1109 4085; x_wconf 88' lang='lat' dir='ltr'>mox</span> <span class='ocrx_word' id='word_1_237' title='bbox 1122 4028 1229 4085; x_wconf 90' lang='lat' dir='ltr'>laudati</span> <span class='ocrx_word' id='word_1_238' title='bbox 1240 4026 1403 4092; x_wconf 87' lang='lat' dir='ltr'>narrationi,</span> <span class='ocrx_word' id='word_1_239' title='bbox 1420 4027 1494 4082; x_wconf 81' lang='lat' dir='ltr'>aliis-</span> 
     </span>
     <span class='ocr_line' id='line_1_33' title="bbox 453 4121 1496 4204; baseline -0.01 -18"><span class='ocrx_word' id='word_1_240' title='bbox 453 4149 514 4204; x_wconf 90' lang='lat' dir='ltr'>que,</span> <span class='ocrx_word' id='word_1_241' title='bbox 537 4130 584 4202; x_wconf 88' lang='lat' dir='ltr'>qui</span> <span class='ocrx_word' id='word_1_242' title='bbox 603 4127 789 4203; x_wconf 85' lang='lat' dir='ltr'>Scythianum</span> <span class='ocrx_word' id='word_1_243' title='bbox 812 4127 902 4182; x_wconf 91' lang='lat' dir='ltr'>solum</span> <span class='ocrx_word' id='word_1_244' title='bbox 923 4144 1022 4182; x_wconf 89' lang='lat' dir='ltr'>eorum</span> <span class='ocrx_word' id='word_1_245' title='bbox 1045 4134 1188 4182; x_wconf 89' lang='lat' dir='ltr'>auctorem</span> <span class='ocrx_word' id='word_1_246' title='bbox 1212 4132 1382 4198; x_wconf 85' lang='lat' dir='ltr'>agnoscunt.</span> <span class='ocrx_word' id='word_1_247' title='bbox 1416 4121 1496 4177; x_wconf 87' lang='lat' dir='ltr'>idem</span> 
     </span>
     <span class='ocr_line' id='line_1_34' title="bbox 453 4219 1496 4299; baseline -0.007 -17"><span class='ocrx_word' id='word_1_248' title='bbox 453 4227 513 4282; x_wconf 89' lang='lat' dir='ltr'>cod.</span> <span class='ocrx_word' id='word_1_249' title='bbox 527 4227 595 4283; x_wconf 86' lang='lat' dir='ltr'>Vat.</span> <span class='ocrx_word' id='word_1_250' title='bbox 612 4225 752 4299; x_wconf 81' lang='lat' dir='ltr'>quendam,</span> <span class='ocrx_word' id='word_1_251' title='bbox 767 4225 812 4299; x_wconf 85' lang='lat' dir='ltr'>qui</span> <span class='ocrx_word' id='word_1_252' title='bbox 833 4223 954 4298; x_wconf 80' lang='lat' dir='ltr'>scripsit.</span> <span class='ocrx_word' id='word_1_253' title='bbox 992 4222 1078 4279; x_wconf 88' lang='lat' dir='ltr'>Paulo</span> <span class='ocrx_word' id='word_1_254' title='bbox 1099 4232 1173 4297; x_wconf 89' lang='lat' dir='ltr'>post,</span> <span class='ocrx_word' id='word_1_255' title='bbox 1192 4223 1301 4279; x_wconf 81' lang='lat' dir='ltr'>tertium</span> <span class='ocrx_word' id='word_1_256' title='bbox 1323 4238 1386 4276; x_wconf 88' lang='lat' dir='ltr'>vcro</span> <span class='ocrx_word' id='word_1_257' title='bbox 1401 4219 1496 4276; x_wconf 81' lang='lat' dir='ltr'>Eccu-</span> 
     </span>
     <span class='ocr_line' id='line_1_35' title="bbox 454 4324 558 4398; baseline -0.019 -19"><span class='ocrx_word' id='word_1_258' title='bbox 454 4324 558 4398; x_wconf 77' lang='lat' dir='ltr'>pelium.</span> 
     </span>
    </p>

    <p class='ocr_par' dir='ltr' id='par_1_8' title="bbox 936 4414 1023 4475">
     <span class='ocr_line' id='line_1_36' title="bbox 936 4414 1023 4475; baseline 0.011 -1"><span class='ocrx_word' id='word_1_259' title='bbox 936 4414 1023 4475; x_wconf 75' lang='lat' dir='ltr'>ube</span> 
     </span>
    </p>
   </div>
   <div class='ocr_carea' id='block_1_5' title="bbox 0 0 1959 5167">
    <p class='ocr_par' dir='ltr' id='par_1_9' title="bbox 0 0 1959 5167">
     <span class='ocr_line' id='line_1_37' title="bbox 0 0 1959 5167; baseline 0 0"><span class='ocrx_word' id='word_1_260' title='bbox 0 0 1959 5167; x_wconf 95' lang='lat' dir='ltr'> </span> 
     </span>
    </p>
   </div>
  </div>
 </body>
</html>
