3900 5167
805 458 1114 524 nlsPUTan'lu
1444 459 1483 525 'tl

436 626 649 700 licissimum
666 625 833 700 baculum
850 628 997 699 tenebat
1013 652 1061 700 ex
1083 628 1182 723 ligno
1198 624 1388 713 hebelino;
1416 627 1485 700 Ba·

436 740 611 812 bilonium
646 763 729 812 vero
764 739 892 811 librum
933 740 1099 832 portabat
1131 740 1198 812 sub
1232 740 1372 811 sinistra
1405 740 1483 825 ala;

438 852 560 926 icrure
584 855 693 926 etium
719 854 852 926 braccis
877 854 1064 924 obtexerat
1089 852 1207 924 colore
1233 852 1382 938 diverso,
1400 876 1484 945 qua·

436 994 517 1041 rum
535 992 607 1041 una
622 970 711 1051 rufa,
728 968 798 1042 alia
816 968 914 1039 velut
929 969 1058 1061 prasini
1077 966 1203 1040 coloris
1219 976 1314 1039 erat:
1343 963 1484 1039 kvultus

436 1108 522 1157 vero
539 1093 582 1154 ut
603 1086 695 1155 senis
718 1084 835 1155 Persae
860 1081 1035 1166 ¹urtificis,
1053 1093 1092 1153 et
1114 1081 1289 1153 bellorum
1311 1083 1411 1152 ducis
1434 1084 1484 1153 vi-

436 1201 598 1273 debatur.
650 1200 767 1294 Igitur
800 1199 996 1271 Marcellus
1030 1200 1151 1270 statim
1185 1200 1230 1270 ad
1265 1197 1481 1269 Archelaum

435 1301 568 1399 mittit
579 1315 639 1407 qui
656 1337 738 1386 cum
756 1315 864 1386 verbo
881 1315 988 1386 citius
1012 1312 1179 1395 affuisset.
1197 1312 1316 1383 invehi
1342 1314 1380 1383 in
1400 1335 1483 1383 eum

436 1428 557 1498 animo
573 1428 766 1521 urgebatur
790 1450 836 1499 ex
860 1430 938 1521 ipso
958 1428 1096 1512 habitu,
1114 1450 1156 1498 ac
1181 1426 1297 1519 specie
1322 1426 1408 1518 ejus,
1426 1420 1484 1497 'et

436 1542 593 1613 maxime
627 1543 782 1633 quidem,
810 1542 906 1635 quod
940 1550 979 1613 st
1009 1565 1086 1635 quae
1113 1542 1278 1614 Turbone
1308 1540 1483 1612 referente

436 1665 660 1750 cognoverat,
682 1659 851 1728 secretius
872 1654 1031 1728 'fectum
1055 1658 1149 1749 apud
1176 1657 1404 1747 semetipsum
1430 1677 1484 1725 re-

436 1781 660 1856 tractarent,
677 1780 715 1843 et
731 1772 921 1866 diligenter
937 1781 1156 1864 praeparatus
1172 1771 1375 1842 advenerat.
1429 1768 1482 1840 At

437 1909 520 1958 vero
545 1887 837 1979 prudentissimus
866 1885 1060 1958 Marcellus
1085 1887 1183 1956 omni
1209 1884 1482 1958 contentionum

437 2002 555 2076 studio
580 2001 730 2085 sublato.
747 2011 938 2094 utrumque
963 2002 1085 2072 audire
1103 2000 1304 2080 mdecernit,
1323 1998 1483 2068 invitatis

476 2239 609 2300 hender
620 2243 781 2309 Bobiensis.
795 2242 902 2300 ebilino.
938 2242 1076 2300 Boculum
1095 2260 1132 2300 ex
1153 2242 1243 2299 ebeno
1263 2246 1392 2315 gestasse
1411 2238 1480 2296 Pro·

438 2338 547 2413 phetes,
560 2338 617 2395 hoc
629 2350 682 2405 est.
696 2357 839 2398 marum
853 2358 948 2398 rerum
961 2340 1130 2414 interpretes
1144 2357 1180 2400 ex
1194 2336 1367 2396 Callisthene
1380 2333 1483 2408 probat

438 2433 603 2510 Ducangius
616 2436 645 2494 in
657 2434 803 2494 Glossario
817 2436 905 2493 verbo
917 2435 1079 2511 Ἐβελλινος.

476 2528 486 2572 ¹
500 2531 557 2589 Hic
570 2532 671 2589 lacuna
684 2540 728 2590 est
740 2533 771 2590 in
785 2532 882 2590 codice
897 2532 1040 2589 bobiensi.

476 2624 494 2669 ¹
508 2627 683 2695 Cesinensis,
696 2629 789 2687 cultus
801 2637 871 2686 erat.

478 2722 488 2768 ¹
501 2726 604 2784 Codex
619 2726 767 2784 Robicnsis
780 2745 839 2784 non
853 2726 948 2789 habet,
963 2726 1076 2802 quidem.

476 2831 498 2862 ¹¹
513 2822 614 2882 Codex
629 2820 792 2881 Cssinensis
806 2823 889 2889 mele,
904 2822 1000 2879 uersu.

479 2926 486 2953 ¹
508 2919 571 2994 [ad
581 2920 643 2977 brec
656 2920 743 2978 rerba
752 2928 869 2995 prestat
882 2920 912 2976 in
926 2920 1050 2978 medium
1065 2917 1191 2993 proferre
1205 2935 1267 2991 quae
1284 2915 1483 2978 animadvertit

438 3014 584 3092 Philippus
598 3016 821 3074 Bnoncrruotius
834 3017 872 3073 V.
882 3016 918 3072 C.
933 3015 962 3074 in
976 3015 1072 3090 Opere
1086 3014 1177 3074 ltulici
1190 3013 1336 3089 inscripto,
1350 3014 1481 3072 Ossesuu·

437 3110 509 3167 riori
517 3129 600 3186 sopra
608 3111 699 3168 alcuni
708 3111 875 3169 Frummerts'
885 3112 914 3168 di
922 3111 989 3167 Vucs'
996 3111 1099 3168 antichi
1106 3111 1135 3167 dt
1147 3108 1320 3175 Vetrc,edito
1330 3109 1482 3168 Florentiae

442 3207 528 3281 1716.
543 3227 572 3282 p.
581 3208 631 3283 69.
661 3208 768 3277 Quum,
779 3209 880 3283 inquit,
890 3209 975 3284 hujus
986 3206 1191 3282 Disputationis
1203 3206 1301 3262 Actae
1313 3205 1414 3262 Gracc
1425 3206 1482 3263 sint

436 3302 582 3367 tr'anslats.
596 3303 657 3360 brec
670 3304 757 3361 verba
769 3305 887 3380 artificis
902 3314 932 3363 et
951 3305 1089 3362 bellorum
1104 3302 1192 3368 ducis.
1207 3322 1269 3378 qnoe
1290 3322 1354 3359 cunr
1375 3322 1480 3378 preecc-

437 3400 570 3457 dentibus
591 3401 684 3458 minus
703 3410 780 3459 recte
801 3402 954 3467 coherent,
970 3401 1194 3458 versavidentnr
1214 3399 1250 3455 ab
1266 3398 1419 3471 interprete
1434 3399 1482 3472 qui

437 3497 592 3571 exemplari
612 3499 749 3556 mendoso
771 3517 838 3556 usus
857 3498 951 3565 fuerit,
971 3498 1073 3572 quique
1087 3497 1127 3554 sic
1141 3496 1251 3571 legerit,
1269 3496 1303 3553 br
1320 3496 1482 3568 δημνουργοῦ

436 3596 477 3650 cci
489 3598 650 3667 στρατηγοῦ,
665 3614 751 3669 quum
764 3595 864 3652 fuisset
876 3596 1039 3670 legendum,
1057 3595 1092 3651 ὣς
1107 3595 1241 3666 δημάρχου
1255 3592 1295 3646 nal
1316 3595 1480 3662 στρατηγοῦε

436 3709 498 3765 qaus
523 3691 642 3765 proinde
665 3692 752 3749 verba
772 3691 827 3748 hoc
846 3701 930 3766 pacto
950 3691 1087 3750 vertenda
1105 3697 1210 3754 essent.
1236 3695 1268 3744 ut
1292 3705 1344 3761 pro
1365 3686 1481 3744 artificis

436 3786 549 3862 legetur
565 3788 702 3863 principie
716 3788 814 3864 pepuli
826 3788 885 3848 sive
899 3789 1010 3855 tebni,
1025 3795 1055 3846 et
1068 3806 1120 3862 pro
1134 3787 1262 3844 bellorum
1275 3784 1351 3841 ducis
1369 3784 1482 3857 legatur

436 3885 624 3959 mgistratum
636 3886 763 3959 percutio.
775 3886 860 3960 juxta
872 3886 928 3941 vim
944 3883 1023 3942 vocis
1042 3885 1196 3958 στρατηγὸς,
1212 3901 1274 3957 quse
1288 3879 1401 3955 quidem
1422 3900 1481 3937 non

437 3987 547 4036 tantum
562 3979 682 4036 militare
696 4000 808 4046 munus,
827 3982 976 4038 sedetiam
991 3980 1072 4038 civile
1084 3979 1184 4037 innuit.
1217 3979 1307 4052 quue
1321 3976 1480 4034 confirmari

438 4085 531 4150 potest
552 4077 719 4134 auctoritate
741 4077 834 4134 Plauti
856 4081 885 4134 in
901 4079 1061 4138 Curculione
1074 4077 1142 4135 Act.
1155 4076 1195 4133 11.
1211 4074 1295 4132 Scen.
1311 4073 1349 4130 iii.
1363 4093 1389 4130 v.
1405 4074 1433 4136 6,
1451 4087 1479 4144 7.

438 4173 484 4229 nbi
502 4182 622 4247 utreque
643 4174 704 4230 haec
718 4194 784 4242 vox,
799 4194 863 4231 cum
885 4176 946 4232 aliis
968 4176 1071 4234 muniis
1092 4174 1219 4231 civilibus
1236 4170 1377 4247 jungitur.
1420 4169 1482 4224 Nec

436 4277 662 4344 strategus-nec
675 4272 833 4328 demarchus
846 4281 900 4328 cet.
924 4272 1109 4343 Gentesne]

479 4373 487 4396 ¹
503 4368 585 4442 [For.
601 4367 716 4440 factus]
