3900 5167
804 450 1117 518 DISPUTATIO.
1440 454 1484 525 9³

486 624 617 697 xxll.
642 621 797 697 Junmns
823 643 1028 708 mmonn,
1047 624 1186 695 Lumen
1211 626 1248 694 in
1274 632 1352 696 tete
1376 626 1482 698 domo

434 739 556 812 lucere
580 742 723 824 seimus,
739 753 777 812 et
802 764 874 812 non
899 742 935 811 in
959 764 1031 812 nne
1052 740 1171 834 aliqua
1194 751 1304 834 perte,
1328 743 1420 813 sieut
1444 751 1482 813 et

433 855 541 929 Jesus
557 860 646 930 dicit
662 860 745 952 quin
769 857 896 930 1Νοηιο
911 857 1086 930 lucenam
1104 858 1287 930 accendens
1303 859 1406 953 ponit
1421 857 1483 930 rud

435 974 563 1058 nodio,
579 974 641 1047 sed
661 998 764 1071 super
779 972 1028 1059 candelabrum,
1046 983 1084 1045 ut
1106 972 1216 1045 luceat
1240 972 1404 1058 onznibus,
1421 976 1483 1070 qui

436 1092 476 1163 in
499 1091 600 1164 domo
619 1100 709 1163 nent.
761 1093 800 1163 Si
823 1115 908 1185 ergo
926 1091 1045 1162 lumen
1069 1099 1133 1172 est,
1151 1113 1294 1162 neeesse
1316 1100 1371 1162 est
1393 1091 1481 1162 illud

435 1210 481 1297 (si
506 1220 627 1280 tamen
643 1207 749 1280 Jesus
773 1207 943 1297 ereditur)
959 1209 1095 1279 mundo
1117 1209 1281 1279 universo
1298 1208 1426 1292 lueere,
1444 1219 1482 1279 et

434 1347 507 1395 non
533 1348 597 1418 per
621 1334 758 1418 pertes3
785 1320 826 1395 ‘e
842 1347 913 1418 quo
935 1325 964 1396 si
988 1326 1191 1395 universum
1218 1324 1357 1395 obtinet
1379 1348 1483 1395 mun-

434 1440 532 1521 dnm,
551 1441 611 1512 nbi
622 1442 699 1533 jem
716 1441 882 1536 ingenite
900 1441 1067 1522 tenebre,
1083 1441 1150 1510 nisi
1174 1441 1265 1510 forte
1281 1440 1482 1512 decidentes

434 1555 703 1651 intelligantur?
733 1555 959 1628 Ammine
989 1575 1106 1639 mm,
1134 1554 1311 1639 Quoniam
1338 1556 1481 1648 quidem

434 1671 552 1743 multo
569 1673 695 1744 melius
711 1696 733 1743 a
750 1674 849 1744 vobis
873 1672 1086 1767 intelligitur
1102 1693 1218 1742 sermo
1236 1667 1481 1765 Evangelieus,

435 1809 542 1880 quem
577 1788 623 1859 eb
656 1789 733 1871 isto,
761 1787 822 1881 qui
854 1808 893 1858 se
927 1785 1143 1857 Pernelitum
1177 1806 1255 1857 esse
1288 1786 1480 1878 profitetur,

435 1926 544 1996 quem
567 1927 635 1997 ego
650 1904 764 1997 magis
789 1903 1001 1985 Parasitum,
1018 1924 1124 1995 quam
1150 1901 1366 1973 Pernelitum
1384 1903 1482 1973 dixe·

434 2021 514 2103 rim,
532 2020 648 2090 dicem
668 2043 736 2115 ego
752 2020 931 2113 quomodo
955 2018 1149 2089 eeeiderint
1174 2018 1337 2090 tenebroe.
1388 2018 1482 2089 Cum

435 2134 499 2206 iux
523 2145 618 2207 esset
639 2136 772 2229 ubique
795 2134 931 2217 diffusa,
948 2134 1122 2204 mundum
1144 2134 1252 2226 eoepit
1275 2132 1374 2205 Deus
1399 2155 1483 2204 eon·

436 2252 530 2332 dere,
558 2250 700 2321 initium
729 2273 751 2322 e
777 2249 873 2333 eoelo,
899 2258 938 2321 et
967 2258 1061 2320 terra
1084 2271 1237 2333 sumens,
1265 2252 1302 2319 in
1331 2272 1402 2343 quo
1430 2250 1483 2320 ite

435 2366 526 2436 retio
543 2366 671 2447 evenit,
690 2373 731 2435 ut
746 2365 927 2446 medietas,
945 2387 1023 2456 quae
1041 2373 1096 2435 est
1113 2374 1214 2436 terrae
1237 2364 1336 2436 loeus
1355 2364 1482 2435 umbre

436 2481 610 2564 obtectus,
626 2480 790 2573 sobjeotu
814 2480 981 2551 videlieet
1007 2496 1137 2562 serum,
1156 2504 1234 2572 quae
1259 2480 1361 2551 feetae
1387 2489 1480 2560 sunt,

436 2608 686 2677 ereaturarum,
704 2597 921 2668 inveniretur
937 2594 1116 2677 obscurus,
1133 2596 1185 2665 ita
1200 2606 1315 2667 utres
1337 2604 1482 2689 expete-

437 2723 491 2786 ret
519 2714 695 2785 intreduei
722 2713 838 2785 ineem
865 2712 948 2783 huie
977 2713 1045 2805 ipsi
1074 2713 1112 2781 in
1139 2713 1332 2783 medietate
1365 2714 1481 2805 posito

437 2831 524 2905 loeo.
577 2830 684 2903 Unde
709 2841 746 2902 et
775 2832 813 2900 in
839 2828 972 2901 Genesi
1005 2827 1150 2921 Moyses
1175 2851 1339 2899 enarrans
1369 2829 1482 2901 faetu-

436 2971 510 3020 ram
545 2947 679 3028 mundi,
705 2968 929 3039 nequequam
964 2944 1049 3015 feeit
1075 2945 1301 3016 tenebrarum
1330 2945 1482 3015 mentio·

436 3087 527 3147 nem,
550 3064 728 3156 autquasi
754 3063 859 3133 feetae
883 3062 964 3142 sint
982 3070 1045 3131 aut
1070 3083 1142 3131 non
1167 3061 1289 3144 fnetae3
1316 3062 1377 3132 sed
1403 3062 1480 3154 ipss

437 3180 557 3262 tenuit,
575 3179 638 3262 his,
657 3180 717 3272 qui
742 3179 878 3271 pomint
900 3178 1094 3259 advertere,
1112 3177 1359 3271 derelinquens
1376 3180 1482 3249 retio-

437 3319 517 3368 nem
548 3295 652 3387 hujus
681 3294 905 3375 intellectus3
935 3316 1014 3386 quoe
1043 3294 1187 3386 quidem
1217 3315 1285 3364 nee
1312 3296 1396 3364 satis
1426 3303 1482 3365 est

437 3414 544 3484 ardue
560 3422 668 3505 etque
685 3411 855 3483 difficilis:
879 3410 936 3481 eui
953 3409 1048 3480 enim
1073 3432 1145 3480 non
1162 3410 1225 3480 fiet
1240 3410 1481 3492 menifestum,

438 3529 547 3600 solem
572 3530 678 3599 istum
706 3525 889 3609 visibilem,
907 3548 989 3597 enm
1015 3526 1061 3596 eb
1084 3526 1221 3596 oriente
1247 3525 1355 3595 fuerit
1380 3547 1482 3595 exor-

439 3657 504 3729 tns,
522 3654 562 3716 et
578 3644 771 3715 tetenderit
795 3644 864 3713 iter
883 3664 986 3713 suum
1004 3640 1049 3711 ed
1068 3641 1298 3723 occidentem,
1317 3663 1397 3711 curn
1414 3641 1481 3711 sub

439 3772 565 3833 terrem
584 3761 675 3843 ierit,
692 3769 731 3830 et
752 3760 899 3830 interior
918 3758 1066 3830 effeetus
1089 3758 1197 3827 fuerit
1214 3780 1265 3840 ea,
1283 3780 1361 3848 quae
1385 3758 1480 3848 apud

441 3877 577 3950 Graeeos
602 3877 737 3970 sphaera
761 3883 915 3958 vocatur,
939 3870 1056 3968 ¹¹qu0d
1083 3882 1168 3944 tune
1195 3873 1335 3965 objectu
1360 3895 1482 3965 corpo·

442 4017 513 4065 rnm
531 3993 763 4064 obumbratus
784 4014 854 4062 non
877 3990 1067 4084 apparenti
1094 3988 1167 4061 Sed
1188 3990 1331 4060 obtecto
1349 4010 1401 4072 eo,
1419 3989 1483 4060 ob·

478 4208 592 4273 ‘Forte
607 4210 693 4283 atqui.
880 4218 897 4262 Β
911 4208 945 4264 ln
961 4207 1109 4264 casinensi
1124 4206 1229 4271 codice,
1245 4205 1358 4262 obtectu.

478 4304 494 4348 h
508 4308 541 4365 ln
556 4307 704 4365 casinensi
718 4315 770 4372 est,
786 4307 859 4381 qnod
871 4324 940 4363 nunc
954 4305 1066 4362 obiectu.

862 4410 869 4433 ¹
883 4402 958 4460 Mat.
974 4422 1002 4459 v.
1017 4418 1063 4477 15.
