3900 5167
838 442 1142 508 ARCHELAUS.
1486 450 1508 517 9

461 607 567 674 tradit
581 608 677 673 libii.
697 631 766 693 cap.
783 629 812 691 7.
859 613 1011 678 Meminit
1037 622 1070 678 et
1094 614 1227 679 alterium
1250 612 1404 679 Charcha
1427 620 1506 681 Am·

461 708 587 773 misnm
608 710 814 775 Marcellinus
832 711 885 776 lib.
899 713 983 777 xviii.
999 736 1068 800 cap.
1086 735 1136 799 23,
1158 724 1192 779 et
1212 714 1266 778 lib.
1282 736 1353 779 xxv.
1368 737 1437 801 cap.
1457 738 1505 795 20,

460 828 534 869 curn
557 808 722 891 sequenti;
755 830 863 874 verum
888 819 1011 877 neutros
1037 813 1151 877 harum
1175 815 1302 878 urbium
1330 816 1507 882 Archelaus

460 907 628 993 episcopus
643 908 771 981 extitit3
796 932 870 975 nam
885 913 954 996 ejus
968 934 1040 977 cum
1056 915 1191 980 Meneta
1205 915 1383 1001 disputatio
1396 918 1508 984 habita

459 1009 564 1073 estin
580 1010 821 1096 Mesopotamia
837 1013 915 1077 urbe
935 1014 995 1077 sub
1015 1014 1232 1081 Romanorum
1251 1017 1372 1081 ditione
1391 1020 1506 1103 posita,

460 1111 551 1194 cujus
571 1112 789 1198 episcopatum
809 1113 976 1179 obtinebat
991 1116 1179 1189 Archelaus,
1195 1124 1231 1181 ut
1252 1117 1370 1182 diserte
1390 1119 1507 1185 dicitur

459 1214 546 1298 apud
563 1213 789 1299 Epiphanium,
800 1223 834 1279 et
844 1213 877 1278 in
891 1215 973 1279 actis
984 1216 1082 1300 ipsius
1093 1217 1335 1301 disputationis:
1357 1220 1506 1287 Charcha

461 1334 536 1376 vero
555 1336 576 1378 a
597 1314 786 1379 Marcellino
805 1323 992 1393 memorata,
1007 1324 1100 1381 extra
1121 1318 1399 1402 Mesopotamium,
1415 1331 1507 1386 trans

462 1413 594 1497 Tigrim,
615 1414 650 1478 in
672 1416 843 1480 Persarum
862 1415 982 1480 ditione
1003 1417 1067 1483 sita
1092 1427 1172 1496 erat,
1196 1421 1307 1484 eodem
1335 1424 1505 1487 Ammiano

461 1522 545 1578 teste
563 1516 640 1579 locis
658 1537 755 1600 snpra
773 1516 932 1589 laudatis;
957 1518 1092 1583 Carchse
1112 1541 1237 1603 quoque
1256 1520 1387 1585 Arabiae
1408 1524 1503 1601 urbis,

460 1615 550 1699 cujus
564 1616 651 1700 apud
665 1619 871 1701 Anonymum
885 1617 1104 1684 Ravennatem
1119 1618 1239 1684 mentio
1254 1628 1315 1696 est,
1326 1621 1506 1687 Archelaus

461 1715 547 1779 nullo
560 1724 656 1800 pacto
667 1716 832 1802 episcopus
843 1739 911 1783 esse
925 1718 1043 1803 potuit,
1053 1741 1126 1784 cnm
1139 1719 1263 1806 antiqui
1278 1742 1387 1786 omues
1400 1723 1504 1807 Scrip

460 1824 548 1881 tores
561 1839 634 1882 enm
648 1839 712 1882 non
727 1820 869 1896 Arabiae,
885 1821 942 1885 sed
957 1821 1200 1907 Mesopotamia
1214 1823 1396 1907 episcopum
1407 1823 1503 1888 fuisse

460 1919 604 1983 hadent.
636 1919 851 1985 Posteriorem
865 1921 951 2005 apud
966 1921 1184 2006 Epiphaninm
1198 1921 1377 1999 lectionem,
1386 1931 1504 2007 praeter

461 2020 591 2086 Petrum
605 2021 756 2098 Siculum,
769 2030 867 2107 atque
882 2022 1044 2100 Photinm,
1060 2024 1196 2107 probare
1211 2024 1339 2109 insuper
1356 2024 1504 2089 videntur

458 2130 533 2186 acta
554 2121 624 2207 ipsa
644 2122 870 2207 disputationis
889 2123 1042 2187 Archelai
1062 2145 1133 2187 oum
1155 2126 1298 2201 Meneta,
1317 2125 1350 2188 in
1369 2146 1502 2209 quorum

458 2223 550 2287 initio
578 2224 706 2301 dicitur,
738 2225 909 2289 Manu
937 2246 1033 2301 wirte,
1058 2226 1122 2290 ricc
1150 2226 1316 2310 wacta
1339 2225 1445 2292 tatio
1470 2227 1503 2291 ia

460 2325 617 2390 Olnrctcr
628 2326 750 2391 citime
757 2327 992 2411 Moeopotomioe.
1025 2328 1142 2390 Verum
1154 2347 1227 2389 cum
1237 2327 1368 2390 inferius
1379 2348 1448 2411 cap.
1459 2327 1501 2391 iii.

457 2426 613 2491 (iharrem
636 2427 788 2504 habeant,
810 2448 944 2511 eamque
965 2427 1208 2511 Mesopotamiae
1233 2427 1344 2491 urbem
1366 2449 1434 2491 esse
1457 2428 1503 2491 di-

456 2538 551 2602 oant;
575 2527 649 2591 hinc
662 2528 765 2592 lucide
783 2536 922 2605 constat,
937 2536 1005 2593 tam
1020 2529 1130 2593 eadem
1150 2536 1234 2606 acta,
1250 2549 1346 2613 quam
1362 2529 1503 2613 Epipha-

455 2628 553 2705 nium,
578 2637 612 2693 et
639 2628 729 2705 alios,
757 2628 978 2714 intelligendos
1003 2628 1135 2692 essedo
1161 2628 1272 2691 Carris
1297 2627 1501 2695 celeberrime

457 2729 701 2815 Mesopotamiae
723 2729 821 2804 urbe;
847 2730 931 2794 unde
955 2729 1022 2794 vias
1047 2729 1127 2793 duae
1149 2729 1254 2814 regias
1278 2730 1312 2792 in
1336 2730 1500 2795 Persidem

454 2831 607 2894 ducentes
619 2830 772 2914 distingui
786 2831 888 2895 tradit
904 2829 1110 2895 Marcellinus
1124 2829 1178 2895 lib.
1192 2830 1279 2893 xxiii.
1295 2852 1364 2916 cap.
1375 2854 1406 2911 4,
1428 2855 1499 2916 quae

455 2934 531 2996 urbs
554 2932 680 2997 Charra
698 2930 797 2996 etiam
816 2931 966 2996 scribitur
988 2931 1072 3015 apud
1096 2931 1232 2995 Paulum
1254 2931 1346 2995 Dino.
1361 2932 1394 2995 in
1410 2933 1500 2997 Hist.

455 3032 602 3098 Miscella
614 3034 668 3098 lib.
681 3033 757 3098 xxii.
773 3056 842 3119 cap.
858 3053 907 3099 20.
942 3034 1084 3099 (lurchar
1097 3041 1216 3110 autem,
1227 3034 1276 3097 vel
1288 3032 1452 3098 Carchara
1466 3035 1500 3099 in

453 3135 572 3198 eisdem
587 3135 678 3213 actis
694 3142 727 3200 et
745 3136 831 3220 apud
848 3135 1062 3221 Epiphaniam
1082 3135 1236 3220 scriptum
1251 3135 1348 3199 fuisse
1361 3135 1498 3213 videtur,

453 3236 653 3301 librariorum
673 3237 807 3301 l'orsitan
830 3259 946 3315 errore,
961 3236 1011 3302 vel
1031 3237 1116 3321 quod
1136 3235 1257 3320 vulgari
1279 3235 1499 3318 indigenarum

452 3336 561 3422 lingua
574 3338 623 3403 ila
637 3346 884 3423 nuncuparetur.
909 3341 974 3418 (At
989 3339 1052 3403 vid.
1070 3340 1283 3403 Gannaunrors
1298 3337 1407 3418 infra.)

494 3438 546 3502 De
572 3446 716 3523 tempore
746 3439 844 3503 etiam
869 3439 988 3504 habitoe
1017 3439 1058 3504 ab
1088 3438 1248 3503 Archelao
1273 3437 1498 3521 disputationis

452 3548 665 3604 consentanea
685 3538 745 3604 sibi
767 3562 966 3625 nequaquam
989 3540 1090 3605 tradit
1113 3539 1332 3623 Epiphanius3
1364 3560 1439 3602 nam
1464 3540 1497 3603 in

452 3637 531 3702 libro
553 3640 594 3703 de
618 3641 777 3705 Mensun's
798 3649 832 3707 et
858 3641 1057 3706 Ponderibus
1080 3662 1166 3703 num.
1182 3661 1236 3702 xx.
1265 3639 1430 3703 Menatem
1454 3641 1496 3705 ob

453 3748 668 3823 perpetratam
691 3741 788 3826 Regis
809 3740 980 3806 Persarum
1002 3742 1057 3806 filii
1080 3762 1188 3805 necem
1208 3761 1248 3803 ex
1271 3738 1402 3803 Perside
1424 3763 1496 3823 pro-

452 3840 570 3924 fugum,
601 3841 634 3904 in
665 3842 935 3927 Mesopotamiam
965 3864 1050 3906 nono
1087 3842 1261 3917 Valeriani,
1292 3848 1325 3906 et
1356 3842 1494 3907 Gallieni

453 3939 554 4025 impp.
581 3963 666 4005 anno
689 3943 822 4018 venisse,
841 3943 902 4027 vqui
928 3951 978 4008 est
1000 3942 1193 4008 Christianae
1212 3964 1285 4007 aerae
1306 3964 1408 4007 annus
1434 3946 1491 4008 du-

450 4043 637 4106 centesimus
653 4066 727 4106 nxrr.
749 4046 922 4130 eodemque
943 4054 1088 4129 tempore
1108 4066 1179 4108 cum
1195 4045 1336 4128 ejusdem
1354 4047 1491 4128 regionis

450 4142 598 4227 episcopo
620 4144 798 4227 disputasse
821 4144 930 4208 refert.
980 4148 1027 4209 At
1053 4146 1084 4207 in
1106 4146 1217 4209 haeresi
1240 4145 1491 4211 Manichaeorum
1626 4223 1629 4232 Ἰ

451 4244 508 4306 snb
537 4243 639 4327 ipsum
670 4244 775 4329 operis
799 4245 933 4321 initium,
958 4256 992 4311 et
1022 4268 1107 4309 num.
1124 4270 1178 4310 xx.
1205 4246 1340 4330 primum
1363 4248 1489 4332 quidem

450 4351 537 4407 ortos
561 4344 658 4410 fuisse
683 4345 891 4423 Maniohaeos,
919 4369 975 4412 seu
1001 4347 1107 4431 potius
1139 4348 1303 4431 antiquam
1334 4349 1374 4413 de
1405 4351 1488 4415 bono

492 4467 556 4507 von.
574 4469 602 4509 v.
957 4472 975 4510 c
