3900 5167
457 434 523 500 316
652 434 717 497 DE
740 428 1117 496 REBAPTISMATE
1141 428 1302 492 LIBER.

458 609 589 679 dixerit
606 606 706 689 rodis,
719 606 811 677 Ecce
822 603 879 676 hic
893 603 1062 688 Christus,
1076 612 1136 674 aut
1152 601 1218 684 tic,
1237 600 1345 673 nolite
1358 599 1489 673 credere.

457 725 608 823 Surqent
633 727 723 795 euim
745 719 1027 818 pseudo-Christi
1051 729 1083 791 et
1102 716 1445 815 pseudo-Propheta,
1469 727 1491 788 et

458 841 587 913 dubunt
602 843 703 939 siquo
720 863 843 937 moy-nn
863 847 896 909 et
915 846 1083 932 portenta,
1101 838 1150 907 ita
1167 846 1205 907 ut
1226 846 1353 919 errent,
1371 838 1403 907 si
1417 836 1492 929 fieri

453 969 574 1053 potest,
592 960 693 1028 etium
722 956 827 1027 electi.
879 956 975 1040 Quas
1004 956 1154 1025 virtutes
1183 977 1254 1024 non
1282 955 1391 1025 dubie
1418 962 1493 1024 tunt

458 1074 510 1145 illi
533 1075 599 1144 suh
619 1075 761 1144 nomine
778 1070 910 1142 Christi
933 1072 1075 1141 facient.
1126 1070 1170 1141 In
1194 1094 1266 1161 quo
1292 1071 1438 1141 nomine
1453 1071 1495 1139 vi·

459 1191 588 1260 dentur
604 1189 746 1281 quidam
764 1189 872 1258 etiam
896 1188 1002 1257 modo
1025 1186 1192 1279 quasdam
1210 1187 1364 1257 virtutes
1380 1187 1495 1265 facere,

458 1318 496 1377 et
523 1307 610 1376 falso
640 1305 872 1398 prophetam
897 1305 959 1374 sed
984 1313 1121 1375 eertum
1147 1312 1201 1374 est
1221 1325 1294 1387 eos,
1319 1305 1415 1395 quod
1439 1304 1495 1395 ipsi

458 1447 528 1493 non
554 1424 626 1493 sint
649 1421 791 1503 Christi,
814 1428 1000 1513 propterea
1024 1421 1069 1490 ad
1092 1418 1273 1490 Christum
1299 1443 1373 1490 non
1400 1422 1497 1511 perti·

457 1562 562 1623 nere3
589 1537 887 1630 quemadmodum
906 1537 1013 1607 etiarn
1031 1537 1058 1607 si
1077 1536 1154 1628 quis
1176 1536 1350 1607 desciscat
1367 1560 1389 1607 a
1406 1535 1497 1608 Chri·

457 1665 514 1726 sto
543 1655 715 1724 inhaerens
748 1651 823 1722 solo
853 1653 987 1722 nomini
1017 1655 1116 1744 ejus3
1156 1654 1216 1744 qui
1246 1676 1320 1722 non
1350 1653 1496 1722 multum

357 1771 360 1775 ’
457 1772 654 1864 adjuvatur,
670 1771 781 1839 immo
803 1770 916 1861 magis
938 1767 1006 1838 hoo
1030 1770 1171 1838 nomine
1194 1770 1304 1838 etiam
1330 1776 1497 1850 oneratur,

458 1887 542 1957 licet
573 1887 680 1956 fuerit
707 1896 812 1956 antea
840 1884 1063 1955 fidelissimus
1096 1894 1158 1955 aut
1185 1885 1416 1977 justissimus,
1444 1893 1498 1955 aut

459 2003 571 2073 ¹clem
601 2001 719 2093 aliquo
749 2000 950 2081 honoratus,
981 2011 1045 2072 aut
1074 2002 1302 2072 confessionis
1332 2003 1499 2095 dignitate

458 2119 636 2212 praeditus.
672 2116 721 2186 Hi
740 2119 835 2188 euim
853 2140 977 2187 omnes
994 2119 1155 2211 negando
1173 2141 1295 2188 verum
1314 2116 1499 2201 Christum,

459 2235 716 2304 introducendo
745 2242 808 2303 aut
838 2235 1018 2324 sequendo
1048 2233 1168 2317 ulium,
1199 2257 1280 2303 cum
1313 2237 1361 2304 sit
1390 2233 1500 2304 nullus

460 2352 604 2419 omnino
629 2349 728 2427 alius,
755 2348 842 2417 nihil
867 2350 942 2441 spei
964 2357 1028 2419 aut
1052 2348 1175 2420 salutis
1200 2349 1264 2419 sihi
1291 2350 1500 2441 relinquunt.

461 2466 547 2536 Non
565 2467 668 2535 aliter
688 2489 793 2557 quam
819 2464 883 2548 illi,
900 2466 960 2557 qui
987 2488 1104 2535 eorum
1130 2464 1332 2535 hominibus
1358 2489 1501 2559 negave-

459 2590 542 2650 runt
572 2580 774 2664 Christun13
800 2604 889 2673 quos
915 2584 1034 2675 negari
1062 2604 1204 2652 neeesse
1230 2589 1284 2650 est
1309 2603 1332 2651 a
1355 2580 1501 2661 Christo,

461 2722 530 2765 nou
548 2698 671 2766 hahita
694 2698 767 2767 nlla
792 2700 927 2766 rationo
949 2698 1103 2789 ipsorum
1126 2721 1171 2767 ex
1195 2697 1409 2789 praeoedenti
1428 2720 1502 2767 con·

461 2815 658 2882 versatione
684 2837 806 2882 eorum
835 2823 897 2882 unt
922 2837 1025 2882 sensu
1054 2822 1116 2882 aut
1143 2814 1337 2905 diguitato3
1363 2815 1501 2905 proinde

461 2942 568 3018 atque
594 2932 658 3020 ipsi
685 2932 758 2999 ausi
786 2939 869 2997 snut
888 2930 1078 3009 Christum,
1097 2932 1131 2998 id
1156 2940 1210 2998 est
1233 2929 1385 2998 salutem
1410 2952 1500 2999 snam

461 3046 640 3136 abrogare,
668 3047 824 3114 damuati
861 3069 923 3136 per
956 3046 1156 3137 hujusmodi
1191 3045 1397 3128 clausulam,
1429 3048 1503 3137 qnia

462 3162 745 3230 manifestissime
764 3187 784 3229 a
803 3162 958 3229 Domino
981 3163 1113 3230 dictum
1140 3173 1205 3242 est,
1225 3162 1438 3255 Quicumque
1460 3185 1504 3231 rue

332 3285 337 3295 '
463 3279 634 3372 resumeret
660 3302 774 3345 corum
801 3275 1006 3361 homiuibus,
1026 3275 1149 3373 rzeyubo
1167 3301 1241 3346 eum
1266 3288 1297 3347 et
1317 3303 1378 3373 eyn
1396 3301 1502 3348 corum

461 3390 573 3461 Putre
592 3418 663 3463 uteo
681 3393 738 3486 quei
758 3395 791 3462 in
812 3391 904 3463 cudis
921 3405 980 3464 est.
1017 3395 1069 3464 Ut
1088 3395 1231 3464 verbum
1250 3393 1328 3471 hoo,
1350 3394 1505 3482 Quicum-

463 3531 534 3598 que,
554 3508 661 3574 etium
688 3508 722 3575 iu
748 3506 904 3576 clausula
929 3510 1155 3579 confessionis
1181 3511 1385 3601 plenissimo
1410 3514 1505 3581 nohis

463 3622 635 3701 ostendat,
663 3624 755 3712 quod
783 3623 880 3692 nulla
906 3628 1061 3694 conditio
1092 3628 1198 3717 ipsius
1224 3630 1428 3698 confitentis
1452 3628 1506 3696 oh

464 3761 539 3806 esse
571 3739 689 3825 possit,
721 3738 804 3807 licet
839 3751 986 3833 negator
1016 3742 1076 3810 illo
1107 3753 1211 3811 autea
1242 3743 1298 3812 vel
1330 3744 1506 3813 hmratious

465 3854 570 3920 fuerit
591 3852 644 3920 vel
670 3853 825 3935 audiens,
844 3867 906 3924 aut
930 3858 1051 3926 mutire
1075 3858 1254 3949 incipieus,
1274 3861 1332 3948 qui
1357 3862 1506 3929 nondum

466 3969 662 4058 baptizatus
687 3971 740 4049 sit,
762 3974 815 4038 vol
842 3973 885 4040 de
908 3973 1032 4042 haeresi
1058 3974 1101 4042 ad
1121 3976 1306 4044 veritatem
1326 3977 1408 4046 fidoi
1434 4001 1508 4046 cou-

510 4221 514 4240 ¹
531 4214 606 4268 clero
621 4217 713 4288 aliquo
728 4219 897 4294 honoratus]
915 4223 1037 4296 Nempe,
1048 4224 1188 4297 episcopo,
1201 4226 1379 4299 presbytero,
1390 4229 1507 4284 diacono.

470 4310 593 4367 limans.
