3900 5167
762 455 1074 521 nrsru'rnrro.
1379 450 1445 517 ror
1574 539 1580 546 η

428 631 506 704 illus
522 639 644 726 petrae,
662 632 714 702 ¹in
731 653 802 723 qua
817 630 991 703 aedificata
1006 639 1063 702 est
1079 631 1205 701 domus
1227 629 1444 701 solidissimis

429 746 645 829 adementia
655 755 693 816 et
709 768 792 816 cum
810 745 1049 817 descendisset
1061 746 1193 838 pluvia,
1206 753 1245 815 et
1261 746 1445 816 irruissent

428 863 550 944 rmina,
568 884 610 931 ae
627 863 734 945 venti,
753 870 792 932 et
812 862 994 932 illisissent
1016 862 1052 930 in
1077 863 1222 931 domum
1240 859 1347 944 illam,
1366 883 1445 953 per·

428 979 507 1063 itit;
533 978 681 1049 fundata
697 977 794 1047 enim
816 988 892 1048 erat
912 976 1131 1048 solidissimis
1147 985 1185 1047 et
1201 977 1443 1048 immobilibus

428 1093 652 1163 ndumentis:
678 1091 763 1163 huic
779 1101 913 1175 autem,
927 1093 989 1185 qui
1006 1115 1161 1185 praesens
1178 1102 1243 1174 est,
1262 1092 1442 1164 infamiam

428 1210 511 1280 »tius
544 1207 667 1280 intulit
701 1218 849 1280 conatus
883 1210 969 1302 ipse,
1003 1231 1110 1301 quam
1144 1208 1299 1278 laudem.
1356 1207 1395 1278 N
1397 1232 1442 1278 on

428 1335 514 1397 rtem
542 1324 630 1395 mihi
660 1326 764 1395 venia
792 1325 919 1419 dignus
950 1326 1091 1395 videtur
1123 1326 1184 1416 qui
1219 1326 1442 1418 ignoraverit

428 1444 489 1515 rod
506 1443 668 1514 futurum
685 1451 757 1515 ost:
786 1444 974 1535 oportebat
991 1443 1086 1514 enim
1105 1466 1187 1513 eum
1210 1467 1446 1536 praenoscere,-

428 1558 454 1629 ri
483 1566 569 1629 sunt
595 1557 726 1651 proprii
756 1558 832 1641 sui;
858 1558 887 1629 si
918 1558 1063 1650 quidem
1093 1557 1247 1650 Spiritus
1274 1556 1441 1630 Paracliti

428 1673 531 1745 tbitat
546 1675 585 1743 in
602 1695 656 1744 eo.
708 1672 779 1744 Sed
798 1674 964 1766 quoniam
982 1674 1189 1767 ignorantiae
1205 1675 1361 1745 tenebris
1378 1675 1443 1746 ob·

428 1799 542 1860 ecatus
563 1798 627 1871 est,
646 1790 683 1859 in
701 1811 830 1859 vanum
855 1790 1021 1872 cucurrit,
1040 1812 1120 1860 cum
1147 1791 1218 1859 iter
1242 1789 1374 1862 faceret
1396 1792 1442 1863 ad

428 1900 625 1987 arcellum;
652 1911 689 1974 et
715 1903 838 1974 similis
856 1904 991 1974 ⁸facere
1016 1904 1202 1999 astrologo,
1229 1905 1443 1975 describenti

428 2020 536 2090 sidem
553 2019 717 2102 caelestia,
735 2022 910 2114 ignoranti
929 2043 1012 2091 vero
1035 2044 1113 2112 quae
1139 2045 1208 2091 suae
1234 2022 1356 2091 domui
1381 2045 1443 2116 ge·

428 2146 527 2207 intur.
579 2136 652 2208 Sed
669 2160 715 2207 ue
732 2138 853 2207 videar
875 2159 940 2230 per
963 2137 1038 2208 haec
1057 2138 1163 2207 verba
1187 2137 1328 2207 differre
1351 2161 1443 2230 quae·

428 2253 557 2334 ionem,
568 2254 644 2344 jam
663 2253 808 2334 sileam;
835 2254 880 2325 de
905 2255 948 2324 iis
969 2277 1054 2324 vero
1079 2254 1171 2324 dabo
1196 2255 1261 2346 ipsi
1288 2264 1443 2346 potesta·

429 2379 616 2451 meumst
645 2370 882 2462 quodcunque
907 2370 985 2441 vult
1014 2371 1262 2463 propositionis
1288 2380 1326 2441 et
1351 2395 1443 2464 quae-

428 2483 516 2556 ionis
548 2486 702 2556 initium.
755 2484 832 2558 Vos
865 2487 1126 2569 tantummodo,
1156 2486 1250 2557 sicut
1283 2487 1443 2579 superius

429 2601 479 2686 xi,
502 2601 766 2674 indeclinabiles
781 2603 929 2675 Judices
955 2625 1032 2674 esse
1062 2625 1194 2696 quaeso,
1217 2610 1259 2674 ut
1284 2626 1366 2675 vera
1391 2604 1444 2673 di-

428 2717 487 2788 inti
505 2717 674 2789 honorem
693 2741 826 2801 verum,
844 2719 1069 2812 palmamque
1087 2718 1244 2789 tradatis.

442 2832 607 2906 XLVII.
633 2835 732 2906 Tunc
751 2833 889 2916 Manes,
908 2835 1049 2905 silentio
1073 2835 1119 2905 ab
1145 2835 1309 2906 omnibus
1333 2835 1438 2915 facto,

428 2972 442 3020 a
464 2972 610 3021 exorsus
632 2959 698 3022 est.
748 2951 802 3020 Tu
820 2974 972 3043 quoque,
990 2948 1175 3031 Archelao,
1193 2951 1285 3022 bene
1310 2974 1369 3022 me
1397 2954 1442 3024 de

428 3089 472 3137 eo
502 3069 725 3150 sentientem,
752 3070 966 3163 dignamque
997 3070 1198 3161 opinionem
1229 3070 1274 3140 de
1299 3069 1442 3140 Christo

430 3183 616 3268 fidentem,
636 3185 751 3255 verbis
776 3185 1034 3256 molestissimis
1060 3186 1239 3270 obtundis,
1264 3186 1348 3257 licet
1369 3186 1441 3258 tale

428 3308 438 3368 t
468 3299 722 3391 Apostolorum
757 3323 879 3394 genus,
910 3304 1060 3394 patiens,
1090 3312 1128 3372 et
1163 3302 1278 3374 ferens
1312 3305 1439 3387 omnia,

429 3415 530 3486 iamsi
555 3439 616 3487 eos
640 3418 804 3489 convitiis
829 3420 916 3510 quis,
938 3429 1002 3490 aut
1028 3419 1225 3489 maledictis
1252 3419 1440 3490 obtrectet.

449 3534 612 3625 persequi
629 3534 791 3617 volueris,
809 3544 951 3627 paratus
977 3558 1066 3616 sum,
1085 3543 1123 3605 et
1148 3537 1177 3607 si
1204 3536 1333 3606 inferre
1358 3559 1440 3630 sup-

428 3647 505 3731 icia‚
523 3672 599 3719 non·
620 3650 803 3744 refugiam.
856 3651 896 3723 Si
922 3652 1031 3722 etiam
1062 3652 1260 3721 interficere
1290 3674 1349 3722 me
1375 3654 1438 3735 vis,

428 3786 462 3832 »n
489 3765 699 3849 reformid03
725 3766 827 3836 illum
855 3769 952 3838 enirn
982 3767 1098 3839 solum
1125 3775 1267 3860 oportet
1290 3768 1438 3851 'limare

428 3878 453 3950 ti
474 3889 583 3974 potest
607 3882 769 3965 unimam,
793 3893 825 3954 et
851 3907 975 3978 corpus
1000 3883 1147 3977 perdere
1172 3884 1211 3953 ia
1235 3882 1437 3982 gehennom.

428 4015 619 4068 acuamus
635 4018 750 4081 nrxrr,
769 3999 876 4071 Absit
902 4024 923 4071 a
948 4023 1018 4070 me.
1071 4000 1155 4069 Non
1182 4010 1236 4070 est
1258 4000 1345 4071 mihi
1366 4002 1438 4073 tale

428 4112 619 4203 opositum.
672 4113 768 4195 Quid
796 4116 890 4184 enim
921 4138 1106 4207 perpessus
1132 4138 1169 4184 es
1200 4138 1221 4184 a
1248 4139 1317 4197 me,
1334 4118 1391 4187 vel
1417 4142 1438 4188 a

769 4290 781 4320 ⁸
796 4281 891 4345 Forte,
898 4283 998 4357 sactus
1012 4291 1061 4337 est.

616 4412 623 4433 ¹
639 4406 711 4463 Mat.
726 4408 773 4466 vii.
794 4428 837 4482 24.
1007 4416 1015 4438 ¹
1030 4410 1102 4466 Mat.
1118 4428 1146 4465 x,
1163 4410 1211 4465 28.
