3900 5167
479 493 482 499 ,
536 453 578 515 74
759 448 1011 512 ARCHELAI
1042 448 1105 512 ET
1136 447 1359 512 MANETIS

535 622 625 692 molo
648 621 749 693 bonos
764 621 907 717 fractus
921 620 1076 716 fucere?
1102 624 1150 694 Et
1174 623 1244 693 alio
1268 622 1306 692 in
1332 621 1422 702 loco,
1441 634 1575 714 patrem

535 738 673 819 diaboli,
694 738 894 819 circuducem
912 748 944 808 et
965 736 1172 809 homicidam
1197 736 1239 808 ab
1262 738 1368 808 initio
1391 758 1470 808 esse
1494 758 1576 807 eou-

534 855 661 923 firmat.
716 854 890 923 uRursum
916 855 1127 924 desiderium
1150 854 1257 924 fuisse
1279 853 1446 934 tenebris,
1464 864 1507 922 ut
1525 854 1577 922 iu·

534 978 764 1059 sequerentur
789 969 886 1050 illud,
904 970 999 1060 quod
1023 969 1068 1040 de
1094 969 1173 1039 luce
1201 970 1303 1039 initio
1324 968 1443 1038 fuerat
1465 966 1577 1059 prola·

535 1093 611 1154 tum
642 1084 831 1167 Verbum;
866 1095 904 1154 et
936 1086 1120 1155 inimicum
1150 1083 1330 1155 hominem
1363 1083 1577 1155 zizaniorum

534 1202 794 1282 seminatorem,
831 1208 889 1269 ¹et
931 1201 1124 1291 prinoipem
1163 1199 1272 1270 seculi
1311 1199 1437 1269 muudi
1473 1198 1577 1289 hujus

536 1316 666 1399 Deum,
688 1317 748 1407 qui
775 1315 956 1384 hominum
983 1324 1121 1385 mentes
1146 1326 1301 1386 excaeoat
1325 1319 1385 1385 'ut
1409 1315 1447 1383 iu
1473 1336 1578 1385 evm·

532 1430 626 1522 geiio
644 1431 774 1501 Christi
801 1432 1009 1500 deserviant.
1062 1430 1182 1500 Bonus
1207 1442 1261 1501 est
1285 1431 1354 1501 iste
1379 1430 1492 1515 Deus,
1514 1431 1576 1521 qui

533 1569 614 1617 suos
634 1547 792 1617 homiues
809 1546 932 1617 salvari
951 1570 1022 1616 non
1041 1546 1141 1617 vulti
1168 1546 1225 1627 Et,
1244 1555 1285 1616 ut
1308 1567 1354 1615 ue
1376 1545 1493 1615 multa
1508 1543 1577 1614 alia

534 1660 722 1742 revolvam,
750 1672 786 1729 et
812 1663 963 1753 spatium
991 1661 1158 1752 temperis
1183 1661 1353 1742 obteram,
1380 1683 1470 1730 verae
1494 1659 1575 1730 doc·

534 1778 633 1845 triuae
651 1776 837 1846 ”differens
860 1788 1009 1867 tempus,
1029 1775 1105 1847 haec
1131 1776 1261 1847 dixisse
1286 1774 1446 1856 sufficiet,
1470 1784 1509 1845 et
1532 1774 1575 1844 ad

534 1893 750 1983 propositum
779 1891 930 1972 redeam,
950 1900 990 1960 ut
1017 1900 1259 1983 competenter
1283 1889 1470 1961 ostendam
1494 1890 1576 1959 isto·

533 2029 611 2075 rum
640 2007 825 2077 absurdam
854 2030 929 2076 esse
957 2007 1162 2087 doctrinam,
1183 2028 1249 2076 uec
1274 2008 1464 2098 quicquam
1488 2004 1574 2087 Deo,

533 2133 571 2190 et
591 2121 687 2191 Patri
705 2123 851 2194 Domini
875 2124 984 2191 nostri
1003 2122 1193 2191 Salvatoris
1215 2122 1499 2206 adscribendum,
1515 2120 1574 2192 sed

534 2237 706 2307 malorum
739 2250 935 2309 nostrorum
967 2260 1107 2307 eausam
1137 2239 1295 2329 accipere
1325 2237 1513 2309 Satauam:
1540 2239 1575 2307 in

534 2353 649 2442 ipsum
672 2353 804 2421 etenim
828 2352 1067 2442 rejiciendum,
1085 2352 1177 2443 quod
1196 2354 1314 2450 omnia
1334 2351 1575 2444 hujuscemodi

533 2467 627 2537 mala
653 2468 698 2537 ab
725 2470 801 2559 ipso
827 2478 1051 2560 generentur.
1102 2468 1172 2538 Sed
1200 2477 1237 2537 et
1264 2490 1317 2549 ea,
1335 2490 1416 2558 quas
1439 2468 1477 2538 iu
1500 2490 1576 2560 pro·

533 2580 661 2671 phetis,
679 2591 716 2650 et
740 2581 818 2674 lege
844 2583 973 2673 scripta
998 2592 1090 2664 suut,
1109 2584 1172 2675 ipsi
1197 2583 1425 2653 nihilominus
1447 2579 1575 2653 adscri-

533 2696 650 2765 beuda
679 2708 781 2777 sunt;
808 2698 882 2788 ipse
910 2708 964 2766 est
992 2699 1098 2779 enim,
1125 2701 1185 2790 qui
1212 2700 1248 2767 in
1280 2698 1461 2791 prophetis
1490 2709 1574 2768 tuuc

534 2810 673 2881 locutus
696 2823 760 2893 est,
780 2813 946 2904 plurimas
968 2814 1019 2881 eis
1042 2815 1087 2882 de
1108 2815 1186 2884 Deo
1211 2817 1425 2907 ignorantias
1451 2837 1574 2909 sugge-

533 2948 621 3006 rens,
640 2939 677 2996 et
695 2929 918 3010 tentationes,
936 2937 974 2996 et
997 2931 1306 3020 concupiscentias.
1358 2931 1431 3001 Sed
1455 2941 1494 3001 et
1517 2931 1573 3000 de·

533 3053 729 3110 voratorem
754 3064 837 3111 eum
860 3045 1049 3134 sauguinis,
1068 3054 1106 3114 et
1129 3047 1241 3115 carnis
1257 3048 1470 3129 ostenduut;
1497 3067 1572 3138 quse

532 3158 651 3226 omnia
677 3158 722 3226 ad
750 3180 831 3226 eum
859 3160 1038 3250 pertinent
1055 3162 1233 3240 Satanaur,
1252 3171 1289 3231 et
1314 3162 1358 3231 ad
1386 3162 1573 3253 prophetas

532 3273 616 3362 ejus,
643 3296 720 3362 quse
748 3273 994 3343 transformare
1018 3275 1131 3345 voluit
1157 3278 1194 3346 in
1217 3289 1351 3368 patrem
1367 3277 1522 3360 Christi,
1538 3291 1575 3348 et

531 3388 682 3457 scribere
718 3411 828 3478 pauca
861 3390 1025 3480 quaedam
1059 3413 1150 3472 vera,
1185 3402 1227 3461 ut
1262 3415 1322 3483 per
1356 3392 1430 3462 haee
1465 3395 1576 3464 etiam

532 3512 666 3582 caetera,
694 3526 771 3594 quae
796 3513 879 3572 sunt
902 3505 999 3586 falsa,
1018 3508 1253 3576 crederentur.
1308 3507 1413 3578 Unde
1441 3510 1577 3580 bonum

531 3618 632 3686 nobis
650 3628 704 3687 est
722 3642 766 3687 ex
785 3620 957 3701 erunibus,
969 3644 1045 3710 quae
1064 3624 1233 3712 usquead
1251 3622 1274 3692 J
1278 3646 1427 3694 oauuem
1446 3629 1579 3718 scripta

531 3744 624 3813 sunt,
654 3733 741 3802 nihil
776 3735 919 3803 omnino
952 3737 1138 3827 suscipere,
1170 3760 1191 3806 a
1225 3738 1349 3808 diebus
1379 3762 1462 3808 vero
1498 3742 1577 3832 ejus

571 4009 587 4063 1¹
610 3999 729 4055 Videtur
749 4000 888 4073 respicere
903 4001 1006 4057 Manes
1025 4001 1061 4057 ad
1077 4002 1125 4058 illa
1137 4002 1219 4058 Joau.
1234 4003 1253 4058 i.
1269 4021 1296 4078 5.
1319 4003 1361 4059 Et
1382 4005 1498 4063 tenebra
1517 4027 1576 4064 eum

531 4116 582 4152 non
596 4097 858 4170 comprehenderunt.

573 4203 587 4233 ¹
609 4193 643 4249 In
658 4194 755 4250 codice
770 4194 919 4251 Casineusi
932 4196 1068 4251 diasmm
1081 4197 1194 4270 legitur.

634 4382 640 4408 ¹
666 4374 739 4431 Mat.
755 4376 813 4430 xiii.
829 4394 874 4449 ²⁵·
899 4377 1078 4448 acor.iv.4.
1243 4386 1251 4408 ¹
1277 4381 1356 4453 [For.
1372 4388 1404 4437 ut
1418 4386 1479 4457 ue]
