3900 5167
449 447 515 509 stu
591 440 899 507 TESTIMONIA
923 439 988 503 DE
1011 438 1370 504 AUCTORITATE

451 620 539 689 ritus
568 616 691 699 saneti,
712 615 952 709 praedamnans
973 614 1051 706 jam
1080 611 1266 684 haeretieos
1291 621 1486 706 perpetuam

449 732 700 804 abstinentiam
729 737 963 823 praecepturos
992 728 1038 799 ad
1068 728 1284 799 destruenda
1313 738 1353 798 et
1387 728 1488 820 despi-

450 847 576 918 oienda
593 869 699 939 opera
715 845 902 915 Creatoris.
928 841 986 915 De
999 841 1164 936 Jejuait's,
1178 867 1255 936 esp.
1271 847 1330 913 1⁵.
1349 865 1385 935 p.
1398 847 1474 912 552.

501 960 618 1032 Immo
635 983 681 1031 ne
702 960 753 1031 ita
777 961 1082 1054 argumentareris,
1098 960 1323 1051 providentia
1348 959 1489 1052 Spiritus

450 1079 563 1150 saneti
588 1078 864 1159 demonstravit3
890 1076 1059 1167 quidnam
1084 1075 1241 1157 dixisset,
1259 1072 1489 1168 Spectaculum

439 1191 538 1288 sueti
561 1216 678 1264 sirmas
701 1190 850 1271 muad03
873 1192 959 1261 dum
978 1190 1122 1285 angelis,
1141 1191 1203 1282 qui
1227 1190 1407 1260 mundum
1432 1190 1490 1259 mi·

450 1311 611 1390 nistrant,
622 1317 660 1378 et
672 1307 874 1378 hominibus
887 1307 1016 1399 quibus
1029 1307 1230 1377 ministrant
1241 1304 1280 1395 (1
1288 1304 1489 1397 Casinati

452 1423 655 1495 Verebatur
679 1424 846 1492 nimirum
871 1431 978 1492 tantae
1004 1422 1210 1493 constantias
1233 1422 1297 1503 vir,
1315 1441 1364 1491 ne
1385 1420 1490 1490 dicam

451 1534 605 1628 Spiritus
625 1544 777 1615 sanetus,
795 1536 989 1626 presertim
1006 1536 1051 1606 sd
1057 1532 1158 1628 filios
1174 1534 1342 1616 scribens,
1361 1531 1490 1628 quasia

450 1648 641 1746 Eooupelio
667 1646 995 1744 praenarrasse.
1024 1646 1068 1720 L.
1098 1670 1132 1716 v.
1162 1645 1238 1717 odo.
1267 1644 1489 1727 Marcionem,

376 1761 731 1857 ‘QAEMQ

501 1880 685 1973 Inprimis
706 1887 829 1950 autem
851 1901 924 1949 non
941 1878 1087 1951 videbor
1102 1878 1328 1973 irreligiosus,
1345 1880 1388 1963 si,
1406 1876 1490 1970 quod

451 1995 527 2088 ipse
554 1994 750 2086 profitetur,
775 1995 1063 2077 animadvertam
1086 2015 1228 2065 omnem
1253 1993 1359 2064 illum
1386 1992 1491 2064 indul-

450 2109 609 2202 gentiam
626 2110 831 2201 nuptiarum
848 2111 892 2181 de
916 2120 992 2193 suo,
1010 2109 1129 2192 idest,
1146 2109 1192 2179 de
1209 2109 1368 2180 humano
1386 2129 1490 2188 sensu,

451 2245 523 2294 uon
541 2224 586 2294 de
603 2223 723 2293 divino
739 2226 942 2318 praescripto
959 2226 1150 2296 induxisse.
1175 2222 1234 2295 Do
1249 2222 1401 2295 Ealrorl.
1414 2221 1491 2297 Cus-

452 2338 573 2421 titatis,
591 2361 666 2431 cap.
680 2344 714 2409 8.
732 2363 765 2432 p.
781 2346 866 2411 520.
892 2343 929 2412 in
950 2363 1021 2432 quo
1038 2343 1154 2431 eapite
1170 2341 1245 2433 agit
1261 2338 1491 2410 Tertullianus

451 2452 498 2524 de
522 2455 666 2524 monitis
691 2456 728 2523 in
749 2478 824 2547 esp.
838 2461 873 2532 7.
893 2460 913 2526 1
930 2456 1010 2527 Cor.
1032 2478 1054 2526 a
1070 2456 1106 2526 S.
1125 2455 1237 2526 Paulo
1258 2477 1365 2547 super
1380 2452 1492 2523 matri-

451 2569 572 2640 monio
585 2569 687 2650 datis,
699 2569 759 2639 ubi
779 2571 815 2640 in
829 2592 958 2641 eomm.
971 2576 1029 2641 10.
1047 2570 1221 2654 scribitur,
1234 2568 1415 2663 Proeotpio
1430 2588 1491 2638 noa

452 2704 512 2778 epo
527 2682 588 2752 sed
603 2682 786 2754 Domitius.

504 2798 557 2867 Ut
583 2801 706 2889 opinor
731 2810 852 2870 autem
875 2802 980 2871 unius
1007 2809 1045 2870 et
1070 2800 1227 2891 ejusdem
1253 2800 1324 2868 Dei
1351 2808 1491 2888 utraque

453 2915 692 3004 pronuntiatio
723 2925 758 2983 et
790 2916 971 3006 dispositio
1002 2924 1065 2997 est,
1096 2917 1156 3006 qui
1184 2924 1260 2983 tum
1289 2915 1433 3004 quidem
1457 2914 1490 2980 in

453 3030 641 3119 primordio
668 3039 866 3099 sementem
894 3031 1033 3122 generis
1063 3031 1180 3099 emisit
1206 3028 1352 3097 indultis
1379 3029 1491 3118 eonju-

451 3146 589 3234 giorum
625 3144 780 3216 habenis.
815 3147 926 3214 donec
960 3148 1113 3215 mundus
1146 3144 1351 3235 repleretur,
1387 3146 1490 3213 donee

453 3282 553 3327 norae
580 3259 774 3349 discipliuae
801 3262 948 3329 materia
974 3262 1178 3352 proficeret;
1205 3283 1299 3328 nunc
1324 3283 1407 3328 vero
1432 3258 1490 3327 sub

453 3375 738 3443 extremitatibus
757 3386 956 3464 temporum
976 3376 1181 3466 compressit
1205 3374 1298 3463 quod
1324 3375 1490 3450 emiserat,

452 3497 489 3556 et
508 3491 684 3558 revocavit
702 3490 794 3578 quud
813 3489 1017 3559 indulserat.
1033 3513 1108 3580 cap.
1124 3488 1156 3558 6.
1176 3512 1208 3577 p.
1223 3492 1307 3557 521.
1334 3486 1491 3555 Allatum

453 3602 567 3670 fuerat
584 3628 604 3672 a
621 3601 837 3671 Tertulliano
856 3602 893 3672 S.
909 3604 1012 3672 Pauli
1030 3603 1126 3683 illud,
1146 3601 1292 3695 Tempus
1311 3602 1348 3669 in
1366 3599 1493 3670 collecto

452 3727 510 3787 est.
561 3717 724 3810 Super-est
743 3727 778 3786 ut
796 3727 826 3787 et
847 3720 907 3810 qui
929 3717 1049 3787 labar!
1075 3742 1210 3799 utores,
1227 3717 1278 3785 sic
1303 3717 1374 3785 siut
1399 3715 1492 3809 perusi

453 3855 520 3902 nou
538 3832 689 3902 lentona.
711 3838 728 3900 l
746 3834 826 3902 Cor.
840 3835 897 3902 vii.
918 3840 975 3911 29.

503 3948 746 4038 Cupiditatem
773 3949 932 4016 omnium
962 3946 1136 4016 malorum
1167 3946 1320 4015 radicem
1347 3946 1494 4036 Spiritus

455 4062 598 4130 Domini
623 4085 685 4152 per
709 4061 906 4152 apostolum
928 4061 1168 4153 pronuntiavit
1186 4060 1221 4146 (1
1242 4060 1493 4148 Tim.ri.10.).

454 4174 510 4245 De
527 4175 712 4256 Putieutio,
731 4201 807 4268 cap.
822 4185 855 4253 7.
873 4201 906 4267 p.
923 4182 1005 4245 144.

505 4291 593 4373 Quis
623 4316 715 4360 nunc
746 4291 919 4361 medullas
948 4295 1199 4383 seripturarum
1230 4293 1343 4384 magis
1371 4298 1495 4368 nosset,
