3900 5167
835 464 1144 531 DISPUTATIO.
1449 470 1513 535 157

464 658 582 722 cerna,
599 660 780 731 usquequo
797 638 849 709 eol
873 639 974 709 nobis
991 662 1094 711 verus
1120 640 1283 712 Salvator
1305 652 1425 714 noster
1444 645 1512 715 ori·

462 762 573 832 retur,
603 755 695 826 sicut
724 763 762 824 et
794 755 855 835 sit,
887 753 951 825 'Ei
980 754 1188 827 illuminabit
1214 755 1385 830 Christus.
1438 758 1510 832 Sed
1604 735 1612 745 ’

464 868 559 958 quod
578 868 675 951 dicit,
693 867 894 940 'obscurati
914 878 996 940 suni
1018 894 1137 942 seissus
1154 894 1284 942 eninm.
1332 871 1447 967 Usque
1472 874 1510 945 in

462 981 667 1055 hodiemum
696 986 786 1055 enim
817 986 929 1079 ipsscm
956 983 1106 1055 sedimen
1136 984 1271 1057 hsitnisi
1305 988 1343 1058 in
1369 987 1511 1062 lectione

463 1102 586 1172 vetere
616 1104 814 1174 testamenti.
866 1101 947 1173 Non
980 1100 1160 1187 issemus,
1187 1105 1270 1198 quia
1303 1106 1342 1175 in
1369 1104 1510 1180 Christo

463 1212 678 1288 idestmitur.
727 1216 841 1312 Usque
866 1218 905 1287 in
929 1215 1133 1289 hodiernum
1159 1220 1260 1303 enim,
1282 1244 1358 1292 sum
1385 1220 1511 1318 denitur

456 1326 616 1426 Moyses,
633 1332 782 1405 velamen
799 1343 848 1406 esi
868 1333 1020 1428 positum
1044 1358 1149 1428 super
1171 1358 1231 1406 eor
1247 1359 1375 1407 eorum.
1419 1337 1508 1411 Cum

461 1456 574 1520 autem
592 1471 771 1519 conversis
787 1445 923 1545 kfuerit
942 1448 991 1519 od
1005 1448 1208 1534 Dominum,
1226 1449 1404 1547 auferetur
1420 1450 1510 1523 veia-

462 1586 549 1635 men.
589 1562 763 1635 Dominus
792 1574 903 1636 aulem
933 1565 1078 1658 spiritus
1107 1574 1165 1637 est.
1217 1561 1334 1650 ¹Quid
1369 1566 1508 1659 inquit?

463 1678 588 1773 Usque
605 1682 641 1750 in
659 1680 913 1751 hodiemumne
929 1704 1084 1773 praesens
1102 1692 1156 1752 est
1171 1679 1327 1775 Moyses,
1340 1706 1411 1752 non
1429 1683 1508 1753 dor·

461 1795 574 1877 misit,
605 1818 676 1864 non
706 1796 888 1888 requievit,
915 1819 986 1864 non
1012 1797 1212 1867 mabsoessit
1237 1819 1258 1865 e
1286 1797 1384 1867 vitai
1410 1798 1508 1881 Quo·

461 1910 567 1979 modo
584 1912 621 1980 in
637 1911 845 1981 hodiernum
864 1910 975 1982 dicit?
1002 1910 1075 1982 Sed
1100 1912 1238 1981 intuere
1255 1908 1427 1994 velamen,
1445 1910 1506 1982 ubi

461 2024 557 2108 dicit,
575 2028 730 2118 positum
748 2037 882 2118 ¹¹supra
899 2049 960 2097 eor
981 2049 1116 2111 eorum,
1132 2028 1170 2095 in
1195 2025 1347 2095 lectione
1372 2049 1505 2099 eorum.

460 2139 550 2211 Haee
566 2151 622 2212 est
638 2165 718 2223 vox,
739 2166 817 2235 quae
839 2143 956 2236 arguit
980 2142 1070 2212 filios
1088 2141 1206 2224 Israel,
1225 2141 1384 2235 legentes
1402 2141 1507 2235 Moy-

457 2278 531 2339 sen,
549 2266 588 2328 et
611 2281 682 2329 non
707 2258 959 2353 intelligentes,
985 2280 1100 2350 neque
1125 2266 1373 2328 convertentes
1396 2279 1435 2327 se
1460 2257 1505 2329 sd

457 2369 665 2455 Dominum,
682 2373 943 2466 quonismipse
960 2383 1026 2457 est,
1045 2373 1104 2463 qui
1128 2396 1149 2443 s
1166 2369 1295 2464 Moyse
1318 2371 1507 2464 propheta·

455 2498 516 2557 tus
532 2497 588 2558 est
605 2491 736 2559 venire.
781 2488 864 2559 Hoc
881 2498 936 2558 est
952 2487 1125 2570 velamen,
1143 2487 1238 2579 quod
1256 2494 1333 2556 erat
1348 2488 1505 2579 positum

454 2625 565 2696 super
588 2603 715 2674 faciem
746 2601 878 2696 Moysi,
905 2602 1000 2694 quod
1034 2612 1088 2673 est
1122 2611 1376 2673 testamentum
1410 2602 1506 2693 ejus3

455 2722 537 2790 ⁰sit
562 2721 659 2789 enim
686 2720 722 2788 in
743 2717 832 2811 lege,
857 2716 955 2789 ³Non
980 2717 1110 2812 deficiet
1131 2716 1302 2811 Princeps
1325 2741 1369 2787 ee
1393 2716 1503 2801 Joda,

452 2858 564 2930 neqsae
579 2833 668 2905 Due
692 2834 756 2905 Pde
766 2832 962 2930 semoribus
988 2834 1070 2927 ejus,
1092 2857 1265 2928 usquequo
1289 2833 1411 2915 veniat,
1427 2841 1506 2904 4ου-

493 3006 512 3049 ¹¹
535 3009 635 3065 Codex
659 3007 817 3073 Bobieneis‚
839 3015 868 3064 et
889 3007 1014 3083 Vulgata
1035 3006 1075 3063 its
1096 3006 1206 3079 legunt,
1227 3005 1279 3062 sed
1302 3005 1334 3063 in
1354 3003 1503 3065 casinensi

450 3107 585 3172 hebetur,
601 3114 670 3162 tenet
683 3114 709 3162 et
724 3105 752 3160 in
765 3105 885 3161 ieelim.

493 3208 503 3251 i
525 3209 627 3267 Codex
649 3208 820 3274 Casinensie,
838 3208 1000 3271 destruetur,
1021 3206 1107 3263 lectio
1122 3206 1254 3281 Vulgetae
1275 3207 1425 3273 contraria,
1441 3226 1503 3282 ques

451 3309 541 3367 etism
555 3306 651 3371 habet,
666 3324 717 3361 non
731 3306 887 3373 revelatum,
901 3304 1051 3378 utrobique
1061 3306 1144 3380 juxte
1157 3304 1242 3360 fidem
1257 3303 1344 3377 graeci
1359 3312 1464 3361 textus.

493 3401 511 3445 ¹¹
534 3403 634 3460 Codex
655 3402 773 3460 Bobien.
788 3402 882 3475 suerit
902 3404 964 3478 quis
985 3403 1022 3458 ad
1037 3402 1191 3467 Dominum,
1215 3401 1357 3474 osismios
1374 3401 1502 3459 velamen.

450 3502 582 3576 Vulgata
604 3500 691 3557 etiam
715 3499 812 3565 hebet,
835 3500 985 3575 auferetur.
1029 3499 1072 3555 At
1099 3499 1129 3555 in
1151 3497 1300 3555 Cssinensi
1327 3497 1424 3555 codice
1448 3506 1501 3565 eet,

451 3601 590 3674 assatur.

494 3694 503 3737 ¹
517 3694 691 3763 Casinensis,
706 3695 784 3769 quod,
799 3694 874 3749 mels
886 3693 980 3750 lectio.

494 3805 517 3836 ¹¹¹
539 3795 639 3851 Codex
654 3792 813 3857 Bobiensis‚
827 3792 957 3848 abscessit
973 3791 1060 3847 vita?
1082 3790 1259 3855 Quamobrem
1271 3807 1337 3864 erqo
1351 3789 1379 3844 in
1393 3788 1499 3844 hodier-

451 3895 523 3932 num.

493 3983 509 4012 ¹¹
524 3971 604 4028 Idem
618 3970 681 4027 cod.
696 3989 780 4045 sopra
794 3988 956 4026 cereorum.
992 3969 1062 4026 Haec
1075 3978 1126 4024 est.

493 4078 507 4109 ⁰
522 4069 601 4124 idem
621 4067 722 4130 codex,
738 4068 777 4122 ait
791 4067 860 4122 enim
875 4067 1004 4141 intelliqe,
1020 4074 1049 4122 et
1061 4085 1138 4129 mox,
1153 4064 1278 4122 deludo.

493 4176 508 4219 s
529 4166 600 4222 Cod.
618 4164 737 4221 Bobien.
753 4165 785 4219 de
797 4164 907 4238 sonore
920 4166 979 4237 ejus
992 4182 1124 4238 usquequo
1139 4164 1238 4225 veniat,
1254 4162 1300 4236 qui
1318 4170 1369 4216 est.
1406 4163 1497 4218 Caete·

494 4309 501 4332 ¹
516 4305 588 4378 Eph.
601 4323 627 4358 v.
644 4320 686 4375 ¹4·
790 4305 798 4328 ²
815 4320 830 4358 2
849 4302 916 4358 Cor.
932 4302 970 4358 iii.
989 4314 1115 4375 14-17,
1218 4305 1226 4334 ³
1243 4299 1316 4355 Gen.
1333 4298 1399 4354 xlix.
1415 4316 1457 4354 10.

494 4406 502 4432 ⁴
524 4400 694 4473 [Prudentio
709 4400 829 4456 Marnno
845 4400 905 4456 viro
919 4397 1083 4455 doctissimo
1099 4398 1134 4454 sd
1148 4397 1165 4453 J
1169 4396 1253 4451 ustini
1274 4395 1358 4470 Apol.
1375 4394 1392 4450 i.
1408 4398 1432 4465 i.
1447 4411 1497 4465 32.
