3900 5167
519 453 587 513 zu
886 452 919 511 S.
935 450 1206 513 nth's‘rlxl

522 623 690 702 valerent,
707 623 877 715 eligerent
901 625 1021 713 potius
1040 622 1201 702 tolerare,
1217 642 1325 711 qnam
1341 630 1488 712 propter
1507 642 1563 689 eos

358 750 683 810 minuetum
701 738 789 807 illud
808 738 988 807 vinculum
1010 761 1182 829 rumpere,
1199 760 1245 807 ne
1268 749 1413 829 propter
1435 738 1565 806 zizania

359 843 397 890 ²⁹
520 857 758 924 eradicaretur
783 856 887 924 simul
915 866 953 923 et
981 856 1160 936 triticum3
1185 856 1433 945 permittentes
1460 877 1566 945 quan-

521 981 600 1038 tum
630 973 666 1039 iu
694 972 779 1061 ipsis
803 983 890 1048 erat,
913 972 1007 1039 sient
1035 972 1072 1039 in
1100 970 1163 1039 illo
1192 969 1408 1040 nobilioeimo
1432 970 1565 1061 judicio

355 1096 492 1160 31·ιί
520 1084 729 1160 Salomonis
748 1085 909 1154 infantile
925 1108 1053 1176 corpus
1068 1109 1090 1154 a
1106 1085 1195 1155 sulm
1218 1096 1331 1155 matre
1357 1087 1484 1155 nutriri
1507 1108 1566 1176 po

357 1162 397 1210 ’θ’
521 1202 603 1277 tius,
620 1224 726 1291 quam
743 1204 893 1271 concidi.
944 1200 1026 1270 Hoc
1042 1213 1163 1271 autem
1181 1213 1220 1272 et
1236 1202 1288 1271 illi
1306 1202 1564 1292 faciebant,qni

520 1316 567 1383 de
584 1317 749 1407 baptism
766 1331 986 1386 sacramento
1002 1320 1118 1386 verius
1134 1319 1342 1397 sentiebant,
1361 1329 1400 1387 et
1416 1319 1474 1387 isti
1492 1319 1566 1408 qni·

521 1430 589 1498 bus
605 1454 669 1522 pru
685 1434 814 1500 merito
831 1443 943 1501 tautae
959 1434 1116 1502 mrimtis
1131 1431 1230 1502 Dens
1245 1444 1322 1502 crat
1339 1431 1565 1513 revelaturus,

520 1547 551 1615 si
567 1547 651 1636 qnid
669 1547 773 1616 aliter
787 1547 982 1638 sapiebant,

356 1672 473 1720 cmc
572 1660 795 1731 Privatimus
821 1685 843 1730 a
870 1662 1036 1732 Sufetula
1061 1663 1172 1732 dixit:
1204 1661 1275 1750 Qui
1303 1660 1482 1732 loerctms
1507 1686 1567 1755 po-

418 1777 420 1780 ’
520 1785 669 1846 testatem
683 1776 885 1871 boptizuudi
900 1776 1023 1848 lubere
1039 1778 1134 1859 dicit,
1145 1776 1238 1848 dicat
1248 1778 1353 1871 prius
1366 1778 1445 1872 quis
1462 1775 1566 1847 heere-

519 1891 586 1959 aiur
612 1892 814 1963 condiderit.
864 1892 910 1964 Si
933 1895 1024 1962 enim
1050 1891 1191 1962 toreca
1216 1918 1239 1963 a
1261 1892 1339 1963 Deo
1363 1903 1424 1976 oct,
1449 1891 1567 1963 holm

520 2005 767 2101 indulpeutium
793 2007 946 2078 ditinum
968 2018 1101 2101 potest.-
1127 2010 1161 2077 si
1176 2032 1255 2078 ocra
1275 2033 1297 2078 o
1314 2007 1392 2079 Deo
1417 2031 1486 2078 oon
1509 2017 1567 2092 est,

520 2121 688 2215 quomodo
708 2124 859 2218 prolium
878 2122 950 2192 Dei
972 2134 1035 2193 out
1056 2122 1178 2194 tubero
1201 2133 1263 2194 out
1286 2123 1444 2219 conferve
1463 2122 1568 2195 alicui

515 2239 661 2332 potest?

573 2351 670 2422 Huic
700 2354 850 2424 totidem
879 2357 995 2425 verbis
1021 2358 1073 2424 ita
1101 2356 1302 2447 responderi
1331 2364 1470 2447 potest:
1497 2357 1565 2440 Qui

520 2469 714 2540 malevolos
740 2481 778 2539 et
803 2472 940 2540 invidos
965 2481 1180 2563 potestatem
1206 2471 1410 2562 baptizandi
1441 2472 1567 2541 habore

522 2587 619 2665 dicit,
650 2586 746 2654 dieat
775 2588 872 2677 prius
901 2589 980 2677 quis
1011 2586 1296 2656 malevolentiam
1331 2587 1568 2678 invidiamque

521 2703 730 2771 condiderit.
783 2701 821 2770 Si
848 2704 942 2770 enim
969 2702 1219 2771 malevolentia
1241 2713 1280 2770 et
1299 2702 1433 2771 invidia
1453 2725 1474 2771 a
1492 2702 1567 2771 Deo

521 2826 588 2896 est,
606 2815 736 2884 habere
759 2827 796 2885 et
820 2818 1077 2909 indulgentiam
1100 2818 1254 2885 divinam
1273 2825 1412 2907 potest:
1440 2819 1568 2887 sivero

521 2956 543 3001 a
561 2930 639 3000 Deo
658 2956 727 3000 uon
745 2942 810 3013 est,
828 2933 1007 3022 quomodo
1024 2946 1086 3002 ant
1103 2934 1251 3025 gratiam
1272 2933 1339 3001 Dei
1359 2932 1491 3002 habere
1508 2943 1568 3001 aut

521 3047 680 3115 conferre
697 3048 801 3117 alicui
825 3050 966 3138 potest?
1006 3048 1078 3117 Sed
1105 3051 1194 3118 sicut
1222 3050 1288 3116 ista
1311 3048 1436 3116 eodem
1464 3048 1568 3117 modo

521 3163 617 3231 dicta
633 3164 918 3232 manifestissime
936 3164 1023 3233 falsa
1046 3174 1138 3245 sunt,
1157 3167 1206 3233 sic
1224 3166 1331 3233 etiam
1351 3163 1411 3231 illa
1430 3187 1511 3254 quae
1529 3174 1567 3232 ut

521 3279 815 3347 convincerentur
844 3280 929 3360 haec,
961 3281 1056 3348 dicta
1095 3290 1188 3347 sunt.
1251 3278 1441 3369 Baptizant
1476 3281 1567 3348 enim

400 3437 403 3442 ·
522 3392 684 3462 malevoli
721 3404 758 3462 et
793 3396 912 3472 invidi,
941 3397 1031 3464 sicut
1064 3396 1227 3463 concedit
1262 3396 1335 3484 ipse
1366 3392 1567 3486 Cyprianus,

521 3508 604 3599 quia
621 3531 681 3577 eos
698 3511 806 3578 etiam
825 3512 920 3579 intus
938 3533 1014 3578 esse
1032 3518 1193 3579 testatur.
1246 3508 1305 3578 Sic
1323 3533 1407 3601 ergo
1424 3520 1569 3600 possunt

521 3624 628 3692 etiam
657 3625 811 3694 haeretici
838 3627 1025 3716 baptizare,
1049 3627 1131 3716 quia
1154 3625 1349 3715 baptismus
1374 3622 1569 3693 sacramen·

522 3747 600 3807 tum
619 3738 748 3809 Christi
771 3751 846 3823 est3
873 3743 1004 3810 invidia
1030 3764 1111 3810 vero
1135 3750 1171 3808 et
1198 3739 1340 3807 haeresis
1365 3762 1475 3829 opera
1500 3742 1569 3809 dia-

523 3852 606 3934 boli,
633 3879 709 3946 quae
736 3857 891 3946 quisquis
921 3855 1096 3936 habuerit,
1115 3878 1184 3924 non
1212 3853 1295 3922 hinc
1315 3853 1451 3934 'efficit
1475 3866 1515 3923 ut
1542 3855 1566 3923 si

523 3967 652 4039 habeat
669 3982 927 4039 sacramentnm
947 3970 1091 4051 Christi,
1106 3973 1213 4039 etiam
1233 3971 1347 4060 ipsum
1365 3981 1570 4039 numeretur

523 4085 615 4152 inter
632 4109 738 4176 opera
756 4086 896 4156 diaboli.

575 4198 737 4267 Privatus
754 4223 774 4268 a
793 4198 935 4269 Sufibus
953 4201 1064 4269 dixit:
1093 4199 1164 4287 Qui
1185 4196 1423 4269 hereticorum
1447 4199 1569 4295 baptis-

721 4349 725 4368 ¹
746 4339 862 4410 [Potius
877 4340 1068 4404 scribendum,
1084 4359 1134 4395 oon
1149 4340 1210 4395 linc
1224 4341 1363 4414 efficiunt]
