3900 5167
535 458 600 520 184
759 454 1013 519 ARCHELAI
1044 453 1108 517 ET
1140 452 1363 517 MANETIS

535 641 626 714 tum,
656 631 717 721 qui
751 629 982 700 descenderat
1015 628 1053 697 in
1086 628 1203 720 specie
1232 625 1419 709 columba,
1448 649 1578 719 corpus,

536 746 630 839 quod
649 754 862 837 susceperat,
879 752 1021 836 portare
1036 744 1157 836 possit.

587 859 649 929 LI.
678 860 767 930 Haec
793 883 875 930 cum
901 860 1049 929 dixisset
1068 858 1278 941 Archelaus,
1295 859 1480 928 admirata
1504 865 1580 927 sunt

536 978 653 1049 turbae
670 979 859 1047 veritatem
882 977 1051 1046 doctrinae
1066 977 1152 1067 ejus,
1170 985 1209 1045 et
1229 974 1354 1045 laudes
1377 977 1412 1045 ei
1437 976 1583 1045 immen-

536 1116 591 1164 sas
616 1117 699 1164 cum
723 1093 935 1163 clamoribus
963 1092 1201 1173 reddiderunt,
1218 1094 1269 1162 ita
1285 1100 1328 1161 ut
1348 1093 1446 1162 omni
1467 1091 1583 1161 studio

537 1219 758 1291 conarentur,
777 1218 836 1279 eet
853 1208 947 1279 ultra
969 1209 1003 1278 ei
1028 1230 1100 1277 non
1124 1209 1279 1278 sinerent
1301 1207 1345 1278 ad
1372 1208 1515 1300 propria
1534 1230 1584 1277 re·

537 1346 674 1406 meare;
701 1334 739 1395 et
765 1333 850 1393 tunc
876 1323 1020 1414 quidem
1049 1323 1294 1393 discesserunt.
1346 1320 1480 1392 Postea
1505 1343 1583 1393 vero

538 1439 762 1531 congregatis
791 1438 852 1517 eis,
879 1436 1080 1507 Archelaus
1113 1437 1335 1529 acquiescere
1368 1436 1448 1519 sibi,
1479 1445 1583 1527 atque

538 1552 660 1623 audire
694 1554 840 1623 verbum
868 1552 1058 1622 suadebat:
1084 1574 1156 1621 non
1183 1552 1278 1621 enim
1305 1550 1382 1632 soli,
1413 1552 1476 1643 qui
1505 1574 1583 1622 cum

537 1668 696 1738 Diodoro
714 1677 824 1750 erant,
843 1667 1035 1737 audiebant
1052 1690 1147 1750 eum,
1164 1667 1225 1737 sed
1243 1688 1366 1737 omnes
1384 1667 1583 1760 quicunque

538 1805 584 1853 ex
611 1784 790 1876 provincia
819 1784 895 1874 ejus
924 1783 1080 1865 aderant,
1111 1795 1217 1874 atque
1245 1806 1293 1854 ex
1324 1783 1447 1852 vicinis
1478 1782 1582 1864 locis;

538 1900 703 1990 factoque
728 1898 878 1978 silentio,
896 1898 963 1967 hoc
983 1898 1088 1967 modo
1106 1898 1152 1967 de
1171 1896 1282 1967 Mane
1302 1898 1422 1978 dicere
1447 1919 1584 1991 aggree

539 2036 597 2083 sus
615 2022 679 2083 est.
732 2012 895 2095 Qualiter
911 2035 949 2082 se
965 2013 1109 2104 quidem
1136 2012 1265 2082 habeat
1289 2020 1411 2082 nostra
1427 2013 1584 2081 doctrina

539 2129 694 2208 audistis,
713 2138 750 2198 et
767 2129 849 2198 fidei
875 2138 1003 2198 nostrae
1024 2129 1267 2219 experimenta
1290 2127 1455 2218 cepistis;
1483 2135 1584 2219 prout

539 2245 638 2335 potui
673 2246 768 2313 enim
803 2243 1002 2336 intelligere
1036 2243 1246 2335 Scripturas,
1273 2266 1389 2312 coram
1423 2244 1585 2313 omnibus

540 2359 639 2429 vobis
657 2360 813 2451 exposui.
867 2359 939 2429 Sed
965 2381 1060 2427 nunc
1080 2353 1307 2450 ‘paucissimo
1331 2360 1451 2429 dicere
1468 2358 1587 2428 volen-

539 2484 614 2544 tem
640 2474 818 2566 deprecor,
837 2484 878 2543 ut
896 2497 977 2543 cum
1005 2473 1146 2543 silentio
1171 2473 1332 2555 audiatis,
1351 2483 1392 2543 ut
1418 2496 1586 2568 agnosca-

539 2591 595 2670 tis,
617 2590 675 2682 qui
703 2592 759 2671 ait,
779 2600 817 2660 et
843 2590 946 2670 uude,
968 2598 1007 2658 et
1032 2588 1145 2680 qualis
1170 2591 1216 2659 sit
1242 2590 1319 2671 iste,
1343 2591 1405 2680 qui
1431 2590 1583 2671 advenit,

539 2706 630 2774 sicut
650 2705 798 2774 Sisinius
815 2706 982 2796 squidam
1010 2727 1100 2773 unus
1121 2727 1166 2773 ex
1190 2704 1379 2774 comitibus
1395 2704 1472 2796 ejus
1500 2705 1586 2775 iudi-

539 2821 633 2890 cavit
650 2820 749 2903 mihi,
768 2844 874 2911 quem
892 2822 1001 2889 etiam
1025 2821 1069 2889 ad
1096 2820 1338 2889 testimonium
1357 2843 1491 2902 comm,
1511 2844 1583 2912 qua

539 2959 561 3004 a
580 2958 637 3004 me
662 2935 832 3017 dicentur,
851 2937 879 3003 si
907 2936 1034 3026 placet,
1053 2957 1177 3004 vocare
1204 2944 1344 3026 paratus
1371 2957 1462 3005 sum.
1515 2936 1583 3006 Sed

538 3073 584 3119 ne
611 3047 713 3141 hipse
738 3052 882 3141 quidem
910 3052 1028 3119 dicere
1054 3049 1228 3120 recusavit
1254 3051 1389 3132 eadem,
1417 3075 1499 3141 quae
1525 3074 1584 3119 nos

539 3166 699 3248 dicimus,
733 3175 904 3256 praesente
939 3164 1072 3246 Mane;
1111 3166 1260 3234 credidit
1295 3167 1389 3236 enim
1420 3167 1584 3236 doctrina

538 3289 668 3349 nostrae
699 3280 929 3371 supradictus,
959 3281 1050 3349 sicut
1079 3290 1116 3349 et
1146 3281 1239 3371 apud
1267 3303 1325 3348 me
1351 3281 1441 3350 alius
1469 3282 1584 3352 Turbo

539 3395 691 3464 nomine.
745 3395 979 3486 Quaecunque
997 3419 1080 3488 ergo
1099 3398 1287 3465 contestati
1309 3407 1392 3465 sunt
1408 3397 1508 3479 mihi,
1527 3398 1584 3468 sed

539 3521 576 3579 et
600 3535 642 3581 ea
659 3534 736 3601 quoe
759 3512 910 3600 nosipsi
936 3512 1231 3602 deprehendimus
1257 3512 1290 3579 in
1319 3511 1386 3580 hoc
1412 3514 1499 3595 viro,
1518 3536 1585 3582 non

581 3753 593 3783 ⁸
616 3745 652 3800 Et
673 3744 719 3800 hic
740 3744 885 3817 particula,
899 3754 934 3809 ot,
950 3745 1030 3800 deest
1051 3745 1080 3799 in
1102 3745 1198 3801 codice
1214 3745 1371 3809 casinensi,
1387 3765 1472 3819 quam
1493 3757 1585 3804 tamen

539 3842 674 3897 orationis
686 3842 772 3897 series
782 3842 927 3897 evidenter
936 3842 1073 3915 exposcit.
1099 3843 1175 3913 (For.
1185 3843 1257 3898 ultro
1267 3861 1318 3916 pro
1327 3843 1400 3898 ultra
1411 3843 1584 3919 legendum.)

581 3935 592 3977 s
606 3938 699 4001 Forte,
710 3939 887 4011 paucissima.

580 4043 596 4084 Β
618 4033 690 4088 Cod.
714 4033 876 4089 Casinensis
898 4035 975 4089 nulio
1001 4054 1085 4091 sensu
1105 4036 1198 4102 habet,
1220 4037 1338 4092 Sicinius
1359 4039 1469 4111 quidum
1493 4059 1539 4095 vos
1557 4059 1586 4094 cr

540 4131 678 4185 caprilibus
693 4133 750 4201 rjus
765 4132 892 4185 iudicor-it
907 4133 982 4194 mihi,
998 4152 1056 4206 quer
1069 4135 1148 4188 ctiam
1164 4141 1207 4194 dc.

579 4224 594 4266 h
624 4228 660 4281 Et
686 4228 731 4282 hic
756 4228 966 4294 cmcrulavinrus
996 4231 1100 4286 codicis
1124 4232 1286 4287 Casinensis
1310 4232 1473 4299 lectionem,
1498 4235 1535 4290 ita
1558 4252 1585 4288 sc

538 4322 698 4386 habentem,
716 4327 772 4396 ipsc
786 4324 887 4395 quidem
904 4344 943 4378 ure
958 4326 1046 4379 dicere
1062 4328 1197 4381 recusauit
1212 4332 1256 4388 tr.
