3900 5167
826 457 1132 523 ARCHELAUS.
1458 460 1500 530 lt

452 624 524 689 dero
545 624 731 691 inmutata
750 626 967 692 tractavimus
1013 626 1160 713 Denique
1176 628 1250 694 hino
1264 629 1362 695 stiam
1378 630 1499 696 discere

450 747 620 811 pomus
643 748 807 814 quemquo
834 726 973 792 Bouiani
997 728 1122 815 impoeii
1146 729 1264 796 limitas
1292 731 1497 810 Parthorum,

450 850 507 892 sen
530 828 704 895 Persarum
725 830 878 896 ditionem
902 852 1024 908 varmo,
1048 840 1126 896 tunc
1151 833 1304 918 temporis
1328 835 1498 919 protenda-

450 938 572 1008 rantur,
594 930 720 1016 al’nque
745 930 896 996 nonnulla
919 931 960 994 do
985 931 1063 995 locis
1085 932 1119 995 in
1141 935 1311 999 eorundem
1335 935 1499 1000 collimitio

450 1031 532 1109 sitis,
548 1032 651 1118 deque
665 1033 882 1099 Romanorum
896 1033 1031 1098 militum
1046 1056 1188 1112 numero,
1204 1037 1258 1121 qui
1278 1038 1364 1121 apud
1379 1039 1500 1103 Carras

450 1142 560 1199 nstra
581 1136 770 1209 sarvahmt3
806 1136 846 1199 de
871 1135 921 1200 his
946 1135 1031 1200 enim
1056 1136 1152 1201 nehus
1177 1138 1311 1222 sparsim
1337 1139 1444 1224 agitur
1465 1140 1499 1204 in

450 1237 563 1322 primis
575 1238 713 1322 quinque
728 1237 886 1323 capitibus
900 1237 996 1324 hujus
1010 1238 1126 1323 operis,
1140 1260 1178 1303 ac
1193 1248 1349 1324 praterea
1369 1243 1402 1305 in
1416 1242 1499 1326 ejus·

450 1340 525 1403 dem
553 1339 687 1424 euplii.
711 1340 762 1403 liv.
787 1348 821 1403 et
845 1339 884 1403 lv.
943 1338 1042 1402 Plura
1073 1340 1189 1405 eruditi
1218 1342 1303 1406 inter
1331 1344 1500 1428 legendum

450 1441 675 1518 observabunt,
691 1463 750 1505 nos
764 1442 848 1505 enim
862 1440 925 1504 alio
940 1462 1157 1526 properamus.

842 1667 1109 1707 -ψ-

450 1849 598 1921 [Dcineaps
609 1848 668 1905 hac
679 1849 807 1920 prolum
817 1860 859 1905 cst
874 1850 1031 1907 Annum
1042 1852 1262 1917 Gscunnnrus,
1274 1852 1355 1925 hujus
1370 1853 1499 1925 Disputa-

484 1936 566 1991 tiouis
581 1946 643 2007 post
658 1936 821 2008 zacagnium
841 1937 991 1994 Fabricium
1009 1939 1199 2010 Mansinmque
1214 1938 1307 2003 editor,
1325 1939 1353 1993 in
1373 1939 1499 2011 Prolsgo-

483 2023 570 2079 menis
581 2022 649 2078 tomi
659 2023 728 2077 tertii
740 2023 907 2078 Bibliotheca
920 2041 976 2079 suae
989 2025 1107 2088 Petrum,
1121 2042 1178 2095 cap.
1191 2025 1253 2079 xvii.
1268 2043 1295 2096 p.
1304 2026 1359 2080 xlv.

493 2158 543 2223 Nc
566 2159 687 2223 muneri
708 2168 820 2224 nostro
834 2161 943 2225 deesse
958 2162 1086 2225 omnino
1103 2161 1277 2239 videamur,
1293 2162 1331 2225 iis
1351 2183 1422 2245 quae
1437 2162 1499 2225 Za·

450 2260 582 2347 cagnius
599 2262 661 2325 huo
681 2284 779 2346 usque
799 2263 878 2326 satis
899 2262 1068 2346 diligenter
1088 2264 1266 2340 edisseruit,
1282 2264 1400 2328 addere
1422 2284 1499 2326 non-

450 2363 537 2427 nulla
560 2371 775 2447 opportunum
798 2364 1028 2428 existimamus.
1075 2364 1119 2429 Et
1146 2365 1284 2449 primum
1307 2364 1434 2448 quidem
1455 2365 1499 2429 ad

451 2465 558 2528 sedem
582 2464 732 2528 Archelai
750 2465 961 2550 episcopalem
977 2466 1062 2550 quod
1083 2466 1214 2543 attinet,
1229 2466 1262 2529 in
1282 2466 1376 2530 aliam
1396 2488 1415 2529 a
1437 2467 1498 2531 Za·

451 2566 554 2651 cagnii
573 2567 733 2631 sententia
752 2589 823 2631 cum
846 2567 1016 2652 Lequienio
1034 2570 1070 2632 V.
1085 2571 1123 2632 C.
1138 2569 1227 2633 abire
1241 2568 1319 2632 lihct
1337 2570 1498 2653 (Leqaieo.

452 2668 506 2732 0r.
523 2667 599 2733 chr.
615 2668 737 2733 lamii.
755 2692 849 2754 pagg.
863 2690 956 2747 1002,
969 2678 1003 2734 et
1018 2673 1126 2755 1163).
1156 2670 1388 2735 Oasoharornm
1404 2670 1497 2747 enim,

451 2791 513 2833 non
530 2770 735 2848 Charrarum,
751 2771 889 2836 ecclesia
912 2772 1075 2857 praefuisse
1091 2772 1297 2849 Archelaum,
1313 2793 1376 2834 non
1397 2771 1499 2836 solum

452 2872 568 2937 docent
584 2876 671 2939 Aeta
684 2874 910 2959 disputationis
926 2898 1022 2961 quam
1042 2885 1170 2942 sanctus
1188 2876 1239 2941 ille
1254 2875 1369 2961 praesul
1385 2877 1499 2942 habuit

451 2994 523 3038 cnm
546 2974 679 3038 Meneta
703 2975 840 3059 (Arckel.
865 2980 943 3041 Act.
960 3000 1029 3063 cap.
1052 2981 1112 3059 1.);
1140 2980 1195 3041 sed
1219 2984 1381 3042 testantur
1403 2978 1497 3042 etiam

453 3074 651 3161 Epiphanius
677 3077 807 3163 (Epipl.
835 3078 925 3142 Haer.
945 3078 1017 3142 lxvi.
1045 3100 1129 3141 num.
1151 3093 1182 3163 5.
1206 3085 1240 3142 et
1265 3080 1323 3161 7.),
1351 3080 1499 3144 Socrates

454 3179 588 3260 (Socrut.
606 3177 694 3242 Hist.
711 3178 797 3243 Eccl.
813 3180 867 3243 lib.
879 3180 899 3244 i.
916 3202 984 3265 cap.
1004 3184 1070 3263 22.)
1086 3186 1120 3244 ot
1136 3180 1271 3245 Photius
1287 3180 1392 3264 (Prot.
1408 3181 1463 3245 lib.
1477 3182 1498 3246 i.

452 3280 521 3343 adv.
537 3279 717 3362 Mauioh.):
738 3288 775 3344 ut
786 3290 956 3365 propterea
967 3282 1039 3364 jure
1054 3289 1170 3366 arguat
1185 3282 1385 3346 doctissimus
1402 3288 1499 3347 Asse-
1598 3315 1603 3323 ·

452 3404 565 3446 manus
594 3385 768 3462 (asanaa.
795 3383 877 3446 Bibl.
904 3384 1027 3448 Orient.
1052 3392 1128 3447 tom.
1144 3383 1165 3447 i.
1190 3406 1261 3469 pag.
1280 3389 1372 3469 555.)
1396 3392 1497 3450 statn-

452 3482 579 3559 endum,
595 3482 629 3544 in
644 3483 735 3547 unico
750 3484 906 3548 Actorum
922 3484 992 3547 loco
1006 3484 1140 3563 (Arctet.
1158 3486 1233 3549 Act.
1248 3507 1316 3569 cap.
1329 3485 1388 3565 iii.)
1404 3485 1499 3549 libra·

451 3582 570 3646 riorum
591 3584 697 3667 potius
717 3607 823 3649 errore
842 3586 996 3648 Ultor-rum
1013 3586 1166 3669 scriptum
1186 3585 1291 3661 luisse,
1308 3608 1403 3669 quam
1419 3586 1515 3651 exis-¹

452 3684 629 3748 timandum
644 3687 826 3751 mendosam
842 3709 911 3750 esse
930 3687 1096 3751 lectionem
1115 3687 1249 3751 Occator
1269 3687 1360 3751 initio
1374 3709 1496 3751 cornm-

452 3786 523 3850 dem
535 3786 704 3863 Actorum,
713 3795 746 3851 ct
760 3790 846 3873 apud
863 3790 956 3852 modo
970 3788 1118 3852 laudatos
1134 3796 1324 3873 praestantes
1340 3797 1499 3866 auctores,

454 3886 676 3974 Epiphanium
706 3892 870 3953 Socratem
895 3898 929 3953 et
960 3891 1122 3954 Photinm.
1169 3894 1280 3974 Atque
1309 3891 1376 3953 haee
1407 3889 1500 3975 plano

453 3989 576 4054 diversa
602 3998 652 4055 est
676 4014 698 4055 a
723 3990 853 4056 Oharris
878 3991 943 4055 siva
973 3994 1100 4067 Haran,
1124 3991 1292 4076 provinciae
1322 3991 1499 4055 Osrhoenos

454 4090 581 4155 civitate
595 4091 698 4156 altera
713 4092 799 4156 haud
817 4093 926 4175 procul
947 4093 988 4157 ab
1006 4094 1172 4178 Euphrate
1187 4093 1309 4176 posita:
1335 4115 1392 4156 neo
1407 4094 1500 4179 longe

454 4192 543 4256 abest
560 4193 721 4277 Babylone
735 4202 769 4268 et
781 4194 932 4270 Seleucia,
946 4216 1010 4257 non
1023 4194 1186 4258 Amidensi
1203 4195 1411 4279 metropolita
1428 4196 1499 4258 suh

452 4292 545 4375 jecta,
561 4295 618 4357 sed
633 4295 775 4378 proxime
791 4295 981 4359 Seleucianai
996 4295 1161 4373 catholico,
1174 4303 1211 4359 ut
1227 4303 1353 4360 constat
1368 4318 1407 4359 ex
1425 4319 1499 4381 pon·

456 4394 559 4461 tilicali
572 4395 793 4461 Ghaldaeorum
805 4398 889 4481 apud
904 4395 1066 4461 Morinum
1078 4397 1212 4478 (tumn.
1224 4397 1263 4461 do
1276 4399 1363 4461 Scor.
1374 4398 1499 4478 Ordin.)

947 4519 967 4556 D
984 4515 1002 4562 2
