3900 5167
418 453 483 520 294
612 448 675 513 DE
699 449 1081 513 REBAPTISMATE
1106 449 1265 512 LIBER.

418 630 458 694 'et
487 621 653 715 periculo,
680 645 749 692 non
778 623 886 691 vereri
912 620 1099 714 detegere;
1125 642 1341 712 quamquam
1369 619 1459 691 nulla

419 738 518 808 sitin
536 737 613 819 hoc,
632 739 699 807 nisi
724 739 760 806 in
786 758 903 807 errore
929 738 1083 829 ipsorum
1110 733 1263 815 illorum,
1281 737 1458 829 turpitudo

419 852 600 924 Ecclesia.
649 852 777 945 Itaque
793 852 949 923 deterius
966 849 1184 943 delinquitur
1200 852 1247 922 ab
1263 851 1460 923 hominibus

418 969 601 1060 ejusmodi,
632 970 661 1037 si
690 969 727 1038 id
757 967 851 1060 quod
881 968 918 1036 in
947 968 1191 1038 observatione
1221 968 1460 1059 antiquissima

419 1083 480 1153 ¹ab
505 1084 548 1153 iis
572 1091 740 1175 tanquam
767 1106 836 1153 non
861 1090 958 1153 recte
981 1083 1044 1153 fiat
1067 1082 1350 1174 reprehenditur,
1366 1093 1403 1154 et
1418 1085 1459 1154 ab

418 1197 473 1268 his
497 1200 558 1290 qui
583 1207 667 1269 ante
691 1220 756 1268 nos
782 1198 939 1280 firerunt,
957 1205 1036 1267 tum
1061 1199 1169 1267 etiam
1194 1220 1217 1268 a
1241 1198 1345 1269 nobis
1369 1209 1460 1269 recte

418 1313 642 1383 observatum
670 1334 746 1383 esse
772 1320 811 1382 et
838 1312 1014 1382 observari
1042 1312 1229 1383 manifeste
1256 1335 1299 1382 ac
1326 1313 1460 1383 fort-iter

419 1427 644 1511 ostendatur3
669 1428 722 1497 ita
742 1438 784 1497 ut
806 1428 873 1499 etsi
898 1426 1041 1520 paribus
1066 1429 1284 1520 argumentis
1304 1449 1352 1498 ex
1369 1437 1458 1499 utra·

417 1565 489 1635 que
506 1552 605 1636 parte
622 1544 925 1636 congrederemur,
943 1552 1063 1613 tamen
1080 1544 1251 1634 quianon
1268 1552 1409 1635 poterat
1424 1545 1456 1613 id

417 1659 513 1750 quod
534 1658 769 1729 innovabatur
785 1659 861 1728 sine
877 1659 1094 1729 dissensione
1110 1659 1259 1728 fratrum
1277 1667 1316 1729 et
1334 1659 1457 1729 damno

307 1777 309 1780 ’
416 1772 655 1844 ecclesiastico
682 1773 882 1853 consistere,
908 1773 1033 1863 utique
1064 1779 1151 1842 'non
1181 1772 1312 1843 debeat
1340 1783 1458 1845 oontm

417 1887 480 1970 ias,
505 1889 598 1978 quod
627 1889 738 1970 aiunt,
763 1896 801 1957 et
826 1887 938 1969 nefas,
963 1888 1086 1984 idest
1116 1896 1240 1958 contra
1264 1888 1399 1959 bonum
1422 1898 1458 1959 et

417 2025 567 2093 aequum,
586 2002 753 2074 Ecclesia
769 2004 874 2073 matri
896 2005 995 2095 quasi
1022 2003 1160 2075 macula
1175 2011 1312 2075 temere
1329 2004 1456 2099 infligi;

416 2118 538 2209 eisque
559 2120 619 2209 qui
641 2118 709 2189 hoc
730 2119 960 2202 adtentarint,
977 2120 1133 2190 audaciae
1149 2120 1256 2211 hujus
1272 2130 1381 2213 atque
1397 2122 1457 2191 im·

415 2233 557 2325 pietatis
572 2235 766 2327 ignominia
781 2236 910 2305 merito
927 2234 1075 2306 deberet
1092 2234 1251 2305 adscribi.

404 2350 408 2356 '
466 2347 519 2417 ΙΙ.
546 2346 618 2418 Sed
643 2350 809 2441 quoniam
833 2372 905 2420 non
927 2351 1043 2420 estin
1068 2362 1189 2421 nostra
1213 2360 1403 2443 potestate,
1419 2360 1457 2421 ut
1488 2444 1495 2456 .

292 2493 298 2512 ·
327 2525 361 2541 ..
417 2463 611 2535 secundum
649 2474 867 2557 praeceptum
907 2464 1072 2558 Apostoli
1110 2466 1264 2558 idipsum
1303 2468 1457 2539 dicamus

293 2594 294 2598 ’
415 2601 548 2661 omnes,
583 2601 673 2649 neve
706 2579 777 2648 sint
810 2580 847 2649 in
881 2580 984 2651 nobis
1018 2579 1229 2664 schismata3
1268 2590 1391 2653 tamen
1422 2584 1455 2652 iu

415 2702 587 2786 quantum
613 2716 807 2784 possumus,
825 2696 1041 2764 connitimur
1064 2694 1167 2785 hujus
1192 2703 1367 2766 tractatus
1392 2706 1456 2766 eta-

415 2820 493 2878 tum
522 2809 783 2891 demonstrare3
809 2817 847 2878 et
874 2808 1090 2879 turbulentis
1116 2808 1328 2892 hominibus,
1346 2822 1387 2880 ut
1403 2810 1455 2879 vel

415 2948 508 2993 nunc
539 2947 641 2994 suum
672 2925 854 3016 negotium
885 2947 991 3017 agere
1021 2925 1200 3016 incipiant,
1229 2928 1453 3016 pemuadere3

415 3041 655 3109 consecuturis
681 3041 788 3108 etiam
815 3040 1006 3130 plurimum
1033 3040 1143 3118 nobie,
1170 3040 1196 3108 si
1224 3041 1292 3109 boc
1318 3065 1454 3134 quoque

414 3155 559 3224 consilio
577 3177 661 3224 sano
680 3155 823 3223 tandem
841 3154 1018 3223 voluerint
1034 3155 1268 3245 adquiescere.
1313 3156 1364 3227 Et
1380 3159 1454 3227 ideo

414 3291 642 3359 quencumque
660 3279 858 3338 sanctarum
877 3271 1126 3360 scripturarum
1147 3272 1191 3340 ad
1213 3270 1304 3341 hanc
1321 3282 1453 3364 partem

414 3384 627 3473 pertinentia
650 3391 732 3451 sunt
761 3383 926 3473 capitula,
949 3384 1145 3453 necessario
1174 3386 1211 3453 in
1239 3409 1349 3455 unum
1376 3411 1454 3457 con·

413 3521 595 3590 geremus:
622 3507 659 3566 et
688 3522 765 3588 quae
797 3499 961 3567 videntur
991 3522 1066 3568 esse
1096 3500 1232 3569 diversa
1260 3512 1323 3570 aut
1353 3503 1452 3582 varia,

413 3623 584 3702 quantum
604 3615 744 3703 poterit,
759 3614 944 3683 manifeste
962 3615 1055 3682 inter
1071 3637 1108 3683 se
1126 3615 1452 3707 conglutinabimus

412 3739 450 3797 et
467 3728 659 3797 utilitatem
683 3729 971 3797 accommodum
995 3729 1211 3820 singulorum
1235 3754 1298 3821 pro
1321 3735 1453 3803 medio-

412 3845 537 3912 critate
563 3854 681 3912 nostru
707 3844 997 3926 examinabimus,
1019 3854 1060 3912 ut
1085 3846 1247 3914 ³accendi
1275 3848 1310 3915 in
1333 3847 1452 3918 Eccle-

453 4022 459 4042 ¹
482 4014 517 4069 ab
532 4014 578 4085 iis]
598 4013 641 4069 ltu
656 4013 751 4087 putavi
766 4014 945 4069 scribendum
960 4034 1032 4077 esse,
1049 4034 1112 4070 cum
1127 4025 1210 4071 antea
1224 4016 1367 4089 legeretur
1381 4020 1449 4074 aliis.

413 4107 528 4164 Banuz.
572 4110 595 4164 F
596 4128 636 4164 or.
653 4110 780 4183 proxime
796 4120 859 4183 post
873 4111 906 4165 ub
921 4111 985 4166 aliis
999 4130 1050 4184 pro
1065 4111 1097 4166 od
1112 4112 1155 4166 lis
1169 4113 1362 4185 reponendum
1377 4123 1428 4169 est.

453 4212 536 4259 ¹nou
562 4207 675 4277 debeat]
701 4208 764 4262 For.
786 4208 964 4263 scribendum
987 4228 1037 4263 noa
1059 4209 1173 4272 deberet,
1195 4228 1259 4264 cum
1281 4210 1364 4282 paulo
1390 4219 1449 4284 post

408 4298 513 4355 dederet
528 4321 578 4374 pro
594 4304 686 4357 debeat
701 4305 796 4360 forsan
811 4324 846 4360 ex
861 4305 957 4361 codice
972 4307 1129 4379 reposuerit
1143 4306 1285 4362 Baluzius.

448 4402 457 4430 ³
478 4399 605 4471 accendi]
633 4400 773 4473 Rigaltius
798 4403 919 4476 conjecit
943 4402 1095 4476 legendum
1119 4421 1181 4458 esse
1205 4405 1318 4459 tacendi.
1364 4402 1448 4476 Angli
