3900 5167
544 439 608 504 174
769 437 1022 501 ARCHELAI
1055 436 1120 499 ET
1154 437 1374 501 MANETIS

543 621 759 689 responsum.
813 598 918 682 Quod
952 602 992 681 si,
1022 608 1064 669 ut
1097 600 1159 680 ais,
1188 623 1234 669 ex
1265 624 1308 670 eo
1342 600 1441 692 qnod
1473 623 1587 671 verum

542 712 690 795 dixerat,
710 713 837 783 Petrus
864 714 1096 797 beatificatur,
1113 724 1151 783 et
1176 737 1240 806 pro
1264 736 1308 784 eo
1333 716 1432 806 quod
1457 714 1588 797 fefellit,

542 830 687 898 nuntius
704 828 765 898 ille
781 830 965 920 culpatum
992 830 1049 899 dic
1071 828 1160 898 mihi
1178 851 1285 920 quare
1302 851 1385 899 cum
1404 828 1590 899 Doemones

541 964 625 1010 eum
642 944 906 1025 confiterentur,
923 943 1092 1024 (licentes,
1107 941 1261 1015 ¹Soirnas
1274 951 1309 1013 ta
1325 939 1414 1036 *qai
1431 944 1483 1013 air
1498 966 1591 1015 sanc·

542 1063 596 1124 lor
610 1055 716 1137 Dera,
729 1058 923 1147 increpavit
940 1080 1012 1138 eos,
1026 1066 1064 1126 et
1076 1052 1194 1127 ¹silere
1210 1058 1402 1149 praecepit?
1430 1056 1508 1127 Cur
1523 1082 1590 1127 non

543 1172 586 1258 (si
616 1172 759 1263 quidem
790 1173 1037 1242 confitentium
1067 1194 1105 1241 se
1136 1173 1349 1242 testimoniis
1377 1173 1592 1265 delectatur)

542 1288 650 1356 etiam
681 1288 776 1367 istos,
802 1288 895 1357 sicut
926 1288 1074 1356 Petrum
1101 1310 1183 1357 vera
1212 1288 1401 1369 dicentem,
1429 1288 1595 1359 benedic·

543 1402 698 1471 tionibus
728 1411 972 1471 remuneratus
999 1401 1076 1471 est?
1109 1401 1214 1485 Quod
1244 1403 1273 1471 si
1303 1401 1371 1473 hoc
1400 1403 1594 1474 absurdum

542 1524 608 1598 est,
634 1515 845 1607 relinquitur
870 1527 910 1585 ut
941 1538 1004 1607 pro
1030 1515 1118 1598 loco,
1137 1540 1201 1606 pro
1228 1527 1398 1608 tempore,
1426 1539 1490 1609 pro
1519 1541 1595 1609 per·

542 1629 647 1711 sonis,
677 1651 740 1720 pro
770 1629 885 1711 rebus,
917 1652 979 1720 pro
1009 1630 1246 1701 accidentium
1280 1631 1405 1713 salute,
1438 1656 1482 1703 ea
1512 1658 1594 1726 quae

542 1745 638 1813 dicta
656 1753 748 1825 sunt,
763 1743 1012 1836 intelligamus,
1026 1747 1076 1813 uti
1096 1768 1141 1815 ne
1159 1756 1293 1817 temere
1311 1749 1594 1838 pronuntiantes,

542 1860 648 1951 digna
667 1860 878 1928 coercitione
896 1859 1071 1929 feriamur.
1113 1859 1160 1929 Et
1178 1870 1220 1930 ut
1237 1870 1274 1930 te
1290 1864 1403 1954 magis
1420 1886 1463 1933 ac
1479 1866 1593 1958 magis

542 1976 719 2056 edoceam,
731 1975 846 2044 multo
859 1975 1011 2067 amplius
1024 1975 1134 2057 illum,
1146 1977 1206 2067 qni
1221 1977 1265 2046 de
1278 1989 1390 2047 matre
1403 1980 1591 2051 nuntiave-

541 2099 607 2170 rat,
639 2091 871 2161 honoratum:
904 2095 959 2180 (tu
991 2100 1110 2161 antem
1139 2091 1271 2162 oblitus
1296 2094 1356 2174 rei,
1384 2115 1464 2183 quae
1489 2096 1592 2166 nobis

542 2207 720 2297 proposita
736 2215 801 2286 est,
819 2207 855 2274 in
880 2205 976 2274 aliud
1000 2228 1187 2276 conversus
1210 2209 1279 2297 est)
1305 2207 1388 2276 audi
1409 2229 1496 2301 ergo
1515 2209 1593 2279 bre-

541 2320 652 2401 viter3
678 2321 706 2388 si
725 2320 819 2388 enim
838 2318 990 2388 volueris
1013 2319 1217 2412 diligentius
1240 2320 1369 2390 intueri
1396 2344 1476 2413 quae
1497 2324 1593 2393 dicta

541 2447 634 2520 sunt,
661 2437 881 2505 inveniemus
910 2435 947 2503 in
977 2433 1039 2503 illo
1071 2436 1188 2526 priore
1217 2435 1365 2504 multam
1393 2436 1591 2508 Dominum

540 2552 665 2622 Jesum
689 2551 882 2620 ostendisse
905 2549 1141 2629 clementiam,
1164 2550 1271 2640 idque
1296 2554 1591 2625 convenientibus

541 2675 578 2734 te
604 2664 776 2755 exemplis
801 2664 980 2733 edoceam.
1032 2662 1112 2733 Rex
1140 2664 1294 2754 quidam,
1312 2686 1394 2733 cum
1421 2667 1590 2737 adversus

540 2779 677 2848 hostem
705 2777 928 2869 processisset
952 2788 1117 2859 armatus,
1135 2790 1170 2848 et
1194 2779 1367 2871 cogitaret
1391 2788 1502 2871 atque
1520 2783 1589 2852 dis·

540 2903 688 2985 poneret
704 2896 1000 2984 quemadmodum
1026 2905 1144 2986 posset
1167 2919 1310 2965 manum
1336 2896 1402 2965 sibi
1420 2895 1588 2967 hostilem

540 3021 647 3101 atque
679 3011 860 3079 barbaram
890 3011 1086 3102 subjugare,
1113 3036 1265 3102 cumque
1291 3014 1328 3081 in
1353 3011 1469 3082 multa
1496 3024 1590 3083 esset

540 3149 633 3206 eura,
660 3136 697 3193 et
723 3125 946 3194 solicitudine
973 3127 1196 3208 constitutus,
1223 3130 1259 3196 in
1285 3129 1402 3196 medio
1428 3127 1589 3197 adversa·

539 3239 668 3306 riorum
697 3239 840 3328 positua
868 3261 909 3306 ao
939 3248 1061 3329 postea
1084 3241 1160 3329 jam
1192 3243 1348 3332 captivos
1379 3264 1440 3311 eos
1465 3250 1588 3310 tenere

539 3354 718 3444 incipiens,
736 3354 810 3443 jam
831 3353 907 3442 jam
930 3354 991 3422 illa
1017 3354 1204 3425 solicitudo
1230 3357 1441 3437 immineret,
1466 3380 1588 3448 quem-

537 3468 728 3538 admodum
755 3491 823 3547 eos,
850 3470 908 3558 qui
935 3492 1055 3538 seeum
1082 3469 1324 3540 laboraverant
1350 3482 1423 3542 ¹¹¹ac
1450 3474 1586 3563 pondus

581 3645 646 3703 Ι(Ιιι
660 3647 757 3702 codice
772 3647 930 3711 casinensi,
945 3648 1005 3721 quir
1025 3667 1063 3703 es.
1108 3647 1166 3704 Sed
1189 3649 1294 3704 librarii
1317 3668 1397 3705 error
1421 3650 1505 3707 nobis
1527 3652 1585 3708 visa

539 3752 581 3799 est
596 3743 644 3798 illa
657 3743 751 3798 lectio.

580 3838 589 3883 ¹
604 3840 636 3895 In
652 3840 750 3895 eodem
767 3839 863 3895 codice
878 3848 920 3895 est
935 3841 1026 3896 sinire.
1071 3840 1129 3897 Sed
1142 3841 1230 3904 silere,
1244 3842 1302 3916 legi
1322 3842 1425 3898 debere
1440 3863 1494 3900 nos
1509 3863 1584 3900 sacer

538 3945 631 3991 textus
646 3937 755 3991 edocet.
799 3936 872 3991 Vide
887 3945 982 3991 tamen
998 3955 1043 3999 an,
1058 3940 1155 4003 sinere,
1168 3938 1320 4013 legendum
1336 3938 1380 3993 sit.

579 4043 601 4072 ¹⁰
618 4033 650 4087 ln
666 4032 761 4088 codice
777 4033 873 4088 Casio.
888 4052 920 4087 oc
937 4033 1044 4106 pondua
1061 4034 1154 4090 bellico
1169 4038 1328 4091 tolerarunt.
1373 4036 1438 4092 Nos
1453 4038 1580 4093 emenda-

537 4130 637 4192 vimus,
652 4148 685 4185 ac
695 4130 800 4203 pondus
814 4129 877 4183 belli
890 4129 1082 4186 toleraverant.
1127 4132 1258 4188 Fortasse
1280 4143 1375 4189 tamen
1398 4135 1476 4191 rudis
1498 4134 1578 4191 inter-

537 4245 601 4298 pres
616 4226 774 4298 scripserat,
789 4244 822 4281 oc
830 4226 938 4300 pondua
952 4227 1016 4281 belli
1031 4229 1272 4286 conteleroveront.

954 4346 961 4369 ¹
983 4339 1051 4396 Luc.
1068 4341 1103 4396 iv.
1121 4360 1168 4414 34.
