3900 5167
523 455 587 517 230
893 454 925 517 S.
941 452 1214 518 AUGUSTINI

523 648 605 697 oum
635 626 793 717 baptizat
826 625 949 707 mulus,
980 647 1052 695 uon
1084 624 1181 696 aliud
1210 624 1272 695 dat
1305 646 1414 715 quarn
1449 623 1566 695 bonus.

524 742 620 836 Ergo
637 750 675 812 et
692 763 774 811 cum
791 740 948 833 baptizat
965 740 1074 832 pejor,
1091 762 1163 809 non
1182 738 1279 810 uliud
1300 740 1363 809 dat
1386 760 1494 830 quam
1509 738 1568 809 ille

522 858 582 949 qui
601 858 718 927 minus
735 865 790 927 est
806 854 930 926 malus.
983 853 1040 925 An
1057 855 1150 925 forte
1167 877 1238 924 non
1258 854 1304 924 ad
1326 853 1481 924 hominis
1497 876 1569 924 me-

522 974 641 1052 ritum,
660 972 722 1042 sed
745 972 789 1041 ad
813 972 921 1063 ipsius
944 971 1109 1062 baptismi
1128 977 1387 1040 sacramentum
1404 970 1568 1061 pertinet,

522 1096 564 1157 ut
581 1088 664 1157 fon's
682 1087 756 1158 dari
773 1109 845 1156 nou
862 1084 995 1180 possit?
1033 1085 1072 1156 Si
1090 1084 1157 1155 hoc
1174 1087 1226 1155 ita
1241 1093 1346 1167 esset,
1364 1107 1433 1155 neo
1450 1083 1566 1154 haberi

522 1202 606 1272 foris
631 1210 759 1294 posset,
778 1209 816 1271 et
841 1203 972 1272 totiens
997 1222 1141 1271 necesse
1167 1208 1260 1271 esset
1285 1199 1468 1293 baptizari,
1486 1221 1570 1290 quo-

523 1317 615 1389 tiens
637 1317 803 1387 recedens
826 1319 974 1409 quisque
992 1316 1037 1386 ab
1055 1314 1216 1386 Ecclesia
1239 1337 1358 1385 rursus
1382 1315 1428 1385 ad
1449 1312 1570 1386 Eccle-

523 1434 611 1503 sium
628 1443 831 1504 remeasset.

572 1547 656 1619 Jam
674 1572 757 1619 vero
783 1550 811 1619 si
838 1547 1045 1641 diligentius
1068 1567 1264 1638 quaeramus
1289 1546 1375 1637 quid
1399 1546 1448 1617 sit
1458 1545 1568 1641 soris,

522 1664 678 1735 maxime
708 1665 791 1756 quia
820 1666 894 1755 ipse
923 1662 1296 1733 commemorationem
1324 1662 1411 1731 fecit
1440 1672 1569 1754 ¹petrae

413 1791 416 1794 ’
523 1802 758 1872 superquam
784 1779 977 1849 aedificatur
997 1777 1178 1848 Ecclesia:
1204 1800 1321 1846 nonne
1346 1776 1398 1847 illi
1426 1777 1569 1848 suntin

524 1894 693 1976 Ecclesia,
712 1894 772 1985 qui
790 1894 927 1964 suntin
946 1902 1067 1985 petra3
1093 1892 1153 1983 qui
1175 1900 1296 1961 autem
1318 1893 1355 1962 in
1378 1901 1482 1984 petra
1500 1915 1569 1962 non

524 2021 618 2091 sunt,
647 2033 714 2081 nec
747 2010 784 2078 in
815 2009 975 2079 Ecclesia
1008 2007 1115 2078 sunt?
1158 2006 1241 2077 Jam
1275 2028 1360 2100 ergo
1389 2008 1570 2078 videamus

523 2133 645 2194 utrum
662 2147 767 2216 super
783 2133 920 2217 petram
938 2123 1124 2193 aedificium
1145 2145 1247 2192 suum
1265 2122 1494 2205 constituant,
1512 2124 1569 2214 qui

525 2242 674 2311 audiunt
697 2239 829 2309 Christi
853 2239 970 2321 verba,
994 2248 1032 2309 et
1057 2260 1129 2307 non
1154 2237 1298 2307 fuciunt.
1350 2235 1571 2308 Contradicit

363 2375 453 2427 nata
465 2378 507 2427 vu
526 2356 577 2425 eis
595 2358 669 2447 ipse
687 2354 871 2436 Dominus,
887 2355 1017 2432 dicens,
1033 2351 1104 2441 Qui
1120 2350 1218 2423 audit
1233 2350 1333 2422 verba
1350 2374 1425 2422 meo
1442 2350 1525 2436 daeo,
1541 2360 1571 2423 et

364 2442 452 2502 ’Μ
517 2465 613 2569 facit
637 2492 687 2551 eu,
712 2466 870 2538 similabo
899 2466 997 2538 illum
1026 2468 1103 2539 uiro
1126 2466 1304 2561 praedanti,
1334 2470 1396 2562 pai
1424 2468 1573 2563 aeda'Jicot

525 2584 662 2656 domam
696 2607 794 2653 suom
828 2606 930 2677 super
953 2591 1114 2677 petrum:
1157 2593 1194 2654 et
1231 2582 1337 2677 paulo
1376 2593 1467 2676 post,
1504 2583 1572 2673 Qui

526 2698 624 2771 uadit
649 2697 748 2769 verbu
775 2722 848 2768 meo
873 2697 958 2780 daec,
983 2706 1014 2768 ct
1039 2722 1108 2769 noa
1122 2697 1220 2793 fucit
1244 2721 1293 2781 eo,
1318 2697 1478 2770 similubo
1498 2722 1570 2769 eum

525 2817 601 2887 viro
622 2812 734 2896 stulto,
752 2815 813 2908 qui
840 2811 988 2907 <edificat
1009 2813 1145 2884 domem
1169 2837 1268 2884 auom
1290 2837 1394 2908 saper
1420 2838 1570 2885 arenam.

527 2928 565 2998 Si
589 2951 672 3019 ergo
693 2929 729 2995 in
753 2938 853 3018 petra
874 2938 929 2997 est
947 2928 1116 3008 Ecclesia,
1136 2929 1187 2998 illi
1213 2931 1273 3021 qui
1300 2952 1405 3021 super
1430 2953 1570 3001 arenam

525 3051 620 3124 sunt,
638 3044 721 3133 quia
743 3052 845 3111 extra
870 3053 1007 3133 petram
1034 3053 1127 3126 sunt,
1146 3046 1304 3136 profecto
1330 3055 1432 3114 extra
1451 3046 1572 3115 Eccle-

525 3160 612 3227 siam
631 3166 724 3227 sunt.
776 3157 1018 3227 Recordemur
1044 3160 1162 3249 itaque
1186 3182 1291 3250 quam
1318 3160 1452 3230 multos
1478 3184 1571 3231 com-

525 3283 699 3343 memoret
717 3272 911 3363 Cyprianus
928 3272 1028 3342 velut
1044 3273 1140 3343 intus
1160 3275 1291 3365 positos
1314 3277 1374 3365 qui
1399 3277 1571 3346 aedificant

526 3410 630 3479 super
654 3411 807 3469 arenam,
830 3388 865 3455 id
891 3397 956 3469 est,
979 3388 1129 3457 audiunt
1151 3391 1256 3459 verba
1280 3388 1412 3460 Christi
1438 3403 1477 3462 et
1502 3415 1571 3460 nou

525 3504 671 3572 faciunt.
726 3502 774 3571 Et
808 3503 888 3571 ideo
919 3504 1002 3592 quia
1036 3526 1140 3594 super
1174 3528 1314 3574 arenam
1351 3516 1443 3587 sunt,
1472 3516 1572 3575 extra

526 3624 662 3707 petram
697 3638 773 3684 esse
807 3617 1072 3699 convincuntur,
1104 3619 1197 3708 quod
1228 3629 1282 3686 est
1315 3629 1417 3687 extra
1449 3619 1572 3688 Eccle-

526 3731 633 3800 siam:
660 3739 778 3798 tamen
806 3740 843 3797 et
872 3731 1041 3821 quamdiu
1071 3732 1121 3800 ita
1146 3741 1237 3812 sunt,
1265 3742 1302 3800 et
1332 3733 1490 3802 nondum
1517 3734 1571 3802 vel

526 3867 719 3935 numquam
737 3846 772 3913 iu
790 3845 917 3914 melius
935 3855 1209 3928 commutantur,
1229 3847 1409 3938 baptizant
1432 3860 1469 3918 et
1491 3850 1572 3941 bap-

527 3961 702 4039 tizantur3
729 3968 766 4027 et
792 3960 987 4050 baptismus
1013 3983 1118 4051 quem
1144 3961 1289 4045 habent,
1312 3962 1380 4032 illis
1403 3964 1448 4031 ad
1477 3965 1572 4033 dam-

526 4075 705 4143 nationem
725 4074 908 4143 destinatis
925 4074 1062 4166 integer
1079 4086 1211 4144 manet.

569 4270 582 4300 ¹
605 4261 702 4316 Plures
727 4260 815 4318 MSS.
841 4262 921 4317 Petri
945 4281 1027 4337 super
1052 4283 1144 4337 quem:
1167 4263 1248 4327 male,
1274 4274 1306 4320 ut
1331 4284 1366 4320 ex
1391 4268 1570 4339 sequentibus

528 4364 615 4429 patet.
661 4356 722 4425 (Sic
736 4357 812 4429 prior
827 4361 928 4425 meus.)
