3900 5167
451 451 494 513 44
673 445 925 513 ARCHELAI
956 446 1020 511 ΕΤ
1051 445 1274 509 MANETIS

505 620 625 728 φωτὸς
651 618 857 723 διατηρήσει
884 653 928 698 σε
956 617 1028 699 ἀπὸ
1053 620 1338 701 roseae-sdes
1368 620 1493 696 αίῶνοε

504 756 672 850 πονηροῦ,
691 752 749 827 καὶ
776 753 849 826 τῶν
866 744 1145 845 συμπτωμάτων
1168 745 1286 840 αὑτοῦ,
1306 745 1365 824 καὶ
1389 741 1494 841 παγί-

506 880 578 956 δων
595 884 658 955 τοῦ
676 881 842 977 πονηροῦ,
861 872 967 972 ἀμήν.

505 1041 585 1143 Τὴν
603 1042 669 1143 μὲν
692 1047 773 1146 περὶ
797 1042 842 1123 σέ
869 1041 1015 1143 ἀγάπην
1038 1042 1217 1142 μεγίστην
1234 1038 1350 1118 οὖσαν
1367 1041 1493 1135 αἰσθη-

450 1171 533 1266 deis,
551 1172 634 1249 λίαν
651 1168 794 1273 ἐχάρην·
827 1167 889 1268 τὴν
908 1168 946 1248 δὲ
964 1170 1090 1248 πίστιν
1109 1168 1173 1247 οὐκ
1190 1167 1307 1246 οὖσαν
1324 1162 1417 1244 κατὰ
1434 1161 1493 1244 τὸν

450 1294 558 1397 ὀρθὸν
576 1296 689 1398 λόγον
713 1297 907 1401 ἠχθεσθην·
936 1295 1019 1376 ὅθεν
1042 1292 1133 1398 πρὸς
1160 1290 1411 1395 ἐπανόρθωσιν
1433 1297 1492 1371 τοῦ

449 1427 521 1502 τῶν
539 1424 738 1527 ἀνθρώπων
755 1424 879 1527 γε’νουτ
897 1425 1128 1518 ἀποσταλεὶς,
1143 1417 1351 1529 φειδόμενός
1368 1452 1408 1498 τε
1425 1424 1492 1497 τῶν

450 1548 569 1655 ἀπάτῃ
600 1555 658 1631 καὶ
689 1550 812 1657 πλάνῃ
843 1549 987 1634 ἑαυτοὺς
1024 1545 1276 1644 ἐκδεδωκότων,
1308 1554 1424 1626 ταῦτα
1451 1543 1491 1625 τὰ

450 1678 645 1781 γράμματα
669 1676 760 1781 πρὸς
778 1676 823 1758 σέ
844 1682 1037 1780 ἀναγκαῖον
1056 1675 1250 1779 ἡγησάμην
1267 1677 1489 1754 ἀποστεῖλαι·

449 1811 592 1907 πρῶτον
623 1805 688 1906 μὲν
724 1804 814 1909 πρὸς
851 1806 1034 1908 σωτηρίαν
1072 1808 1135 1904 τῆς
1172 1809 1326 1883 σεαυτοῦ
1362 1805 1490 1908 ψυχῆς,

450 1930 569 2010 ἔπειτα
587 1931 625 2012 δὲ
643 1936 700 2012 καὶ
719 1938 792 2013 τῶν
810 1931 885 2031 ἅμα
902 1966 964 2011 σοι
981 1929 1243 2035 τυγχανόντων,
1257 1926 1368 2032 *πρὸς
1386 1929 1429 2008 τὸ
1447 1926 1491 2027 μὴ

450 2057 651 2161 ἀδιάκριτόν
669 2094 714 2139 σε
737 2059 830 2164 ἔχειν
847 2057 911 2138 τὸν
929 2057 1121 2160 λογισμὸν,
1141 2060 1189 2141 eis
1207 2062 1240 2137 oi
1262 2062 1335 2136 τῶν
1354 2057 1489 2136 ἁπλου-

450 2185 589 2286 στίρων
612 2186 849 2290 καθηγέμονες
873 2183 1086 2266 διδάσκουσι
1105 2184 1281 2286 λέγοντες,
1297 2181 1340 2263 τὸ
1359 2180 1495 2284 ἀγαθὸν

486 2394 636 2493 ρτωοιπτὲ
654 2394 749 2459 secale
767 2394 856 2469 οιαίο,
872 2404 926 2458 et
930 2415 951 2457 α
993 2394 1118 2459 roribus
1163 2393 1377 2470 tradiderunt,
1426 2394 1493 2458 haea

493 2479 587 2543 raiae
602 2480 673 2564 η’ντ,
686 2479 951 2565 daluqaes'sma·
994 2480 1113 2565 uscript
1114 2502 1134 2543 a
1099 2479 1199 2544 tad
1226 2487 1259 2543 te
1282 2478 1494 2578 novennarium

495 2565 559 2649 lips
559 2566 582 2629 τ’.
994 2566 1069 2630 duxi
1108 2565 1349 2651 tuunsmittem
1393 2564 1493 2664 primo

494 2650 704 2716 Dilectionem
720 2651 876 2736 quidemn
878 2673 952 2716 uam
994 2652 1120 2736 quidem
1146 2652 1188 2715 ad
1216 2612 1352 2715 saluteui
1381 2650 1495 2715 auimae

451 2733 636 2801 immensam
674 2738 824 2814 sentiens,
861 2738 1008 2801 vehet
994 2744 1067 2813 t‚uae
1094 2737 1208 2800 deinde
1238 2744 1271 2800 et
1301 2757 1412 2800 eorum
1441 2736 1495 2819 qui

452 2830 576 2886 meatur
603 2823 730 2908 gavisus
763 2844 843 2899 sum,
873 2823 952 2887 fides
993 2834 1099 2887 tenum
1125 2830 1219 2896 snnt3
1240 2822 1309 2886 *uti
1333 2844 1373 2886 ua
1400 2822 1496 2886 indis-

451 2929 535 2984 νοτο,
552 2909 627 2992 quia
642 2930 704 2972 uon
727 2908 770 2972 sii
791 2909 903 2993 ⁵juxta
918 2917 951 2972 te
994 2917 1099 2973 cretes
1124 2909 1247 2972 animos
1279 2929 1382 2992 geras,
1414 2908 1496 2972 sieut

451 3000 540 3057 recta
562 2994 697 3070 ratione,
715 2993 847 3059 moleste
871 2995 949 3072 tuli3
993 2995 1218 3079 simplieierum
1247 2992 1414 3079 magistri
1440 2994 1495 3057 do·

451 3081 683 3165 propterquod
701 3081 743 3144 ad
757 3080 951 3145 emendatio·
993 3089 1066 3144 sent
1078 3080 1227 3156 dieentes,
1244 3079 1422 3156 malumst
1443 3080 1497 3144 be

452 3186 525 3229 nem
538 3165 662 3251 generis
678 3165 807 3230 humani
823 3166 951 3230 tmissus
993 3189 1066 3230 num
1083 3167 1124 3230 ab
1140 3167 1250 3230 eodem
1267 3165 1453 3243 subsistere,
1466 3178 1497 3230 et

452 3272 532 3328 sum,
556 3259 590 3315 et
610 3252 796 3316 subveniens
817 3251 876 3329 his,
897 3252 951 3335 qui
993 3252 1228 3316 uuuminitium
1242 3252 1496 3328 introduaeutes,

452 3358 484 3400 sa
507 3337 753 3414 seductionibus,
775 3347 872 3422 atque
901 3359 950 3401 ar·
993 3360 1095 3422 neque
1109 3338 1277 3424 quiequam
1293 3346 1495 3422 perserutan-

492 3529 505 3566 ἲ
526 3525 625 3583 Codex
646 3528 803 3591 Bobiensis,
824 3546 841 3583 α
860 3527 948 3584 ruinis
966 3529 1033 3601 ejus,
1050 3536 1077 3583 et
1098 3528 1130 3583 de
1153 3526 1266 3601 laqueis.
1309 3525 1357 3583 Sic
1377 3535 1406 3583 et
1429 3527 1496 3603 Epi·

452 3621 582 3696 phanias.

493 3728 505 3760 ⁸
520 3718 600 3776 Idem
615 3720 715 3787 codex,
722 3724 808 3801 justu
822 3729 923 3778 rectam
938 3722 1076 3777 rationem.
1119 3720 1167 3778 Sic
1180 3729 1210 3778 et
1223 3718 1409 3795 Epiphanius.

492 3820 503 3857 t
524 3814 604 3873 Idem
626 3817 726 3883 codex,
748 3820 846 3876 missus
863 3836 921 3874 sum
942 3817 1107 3874 subveniens.
1150 3816 1335 3891 Epiphanius,
1356 3818 1457 3873 musas
1475 3826 1500 3873 τι

451 3912 615 3972 subveniens.

492 4018 509 4051 Ε
524 4010 604 4067 Idem
615 4011 716 4076 codex,
732 4011 787 4068 laec
801 4014 906 4088 scripta
919 4012 1099 4068 necessarium
1113 4012 1186 4069 duxi.

492 4114 508 4148 ¹
530 4107 609 4165 Hinc
625 4118 702 4183 patet
717 4119 793 4167 recte
808 4111 837 4167 in
856 4129 950 4185 graeco
966 4110 1117 4185 Epiphanii
1130 4117 1212 4167 textu
1227 4108 1394 4165 emendasse
1412 4107 1498 4166 Peta-

451 4204 538 4274 vium,
552 4210 616 4280 πρὸς
631 4211 662 4263 τὸ
675 4210 710 4279 μη
722 4209 868 4281 ἀδιάκριτον
882 4207 1046 4283 numptius,
1061 4209 1106 4279 μη,
1122 4208 1229 4265 deerat.

491 4313 504 4351 7
524 4305 624 4362 Codex
646 4305 817 4369 casinensis,
838 4307 964 4381 νιορίατί
987 4306 1114 4364 dieentes.
1157 4304 1216 4362 Sed
1237 4304 1319 4382 aliam
1345 4303 1498 4363 lectionem

453 4401 584 4475 exprimit
599 4403 684 4459 etiam
703 4401 887 4477 Epiphanius.
