3900 5167
451 452 514 515 186
669 450 921 513 ARCHELAI
954 450 1018 510 ΕΤ
1051 446 1272 510 MANETIS

451 634 528 694 tum
548 624 767 704 desiderant;
794 646 874 713 quae
893 622 1010 690 omnia
1027 621 1118 690 bene
1135 620 1245 699 nobis,
1260 628 1299 688 ct
1317 628 1413 688 recte
1429 618 1490 688 dis

450 742 574 832 posita,
594 760 704 829 usque
722 741 758 807 iu
777 737 996 816 hodiernum,
1014 744 1146 805 statum
1163 757 1267 804 suum
1280 733 1491 813 custodiunt,

452 866 489 924 et
506 863 689 947 permanet
707 852 799 944 apud
818 874 881 921 noa
899 852 1004 942 hujus
1021 850 1149 951 regulae
1167 849 1363 941 disciplina.
1392 848 1494 919 Istius

452 993 546 1052 vero,
564 971 624 1060 qni
651 991 744 1038 nunc
771 968 871 1037 nobis
896 991 941 1036 ex
969 966 1154 1036 Persarum
1176 967 1359 1057 provincia
1374 964 1495 1035 ebulli-

451 1084 514 1163 vit,
533 1081 660 1151 Manes
685 1082 838 1165 nomine,
856 1081 1042 1150 adversum
1060 1103 1166 1172 quem
1191 1080 1279 1150 mihi
1306 1081 1495 1172 disputatio

444 1196 521 1286 jam
539 1194 694 1263 secundo
712 1204 891 1264 commota
907 1204 972 1275 est,
991 1216 1102 1287 genus
1120 1194 1220 1263 vobis
1237 1193 1368 1275 dicam,
1385 1202 1424 1262 et
1448 1202 1496 1260 to

452 1320 550 1391 tum;
576 1310 636 1378 sed
664 1320 701 1378 et
728 1309 887 1379 doctriua
913 1312 989 1401 ejus
1019 1309 1114 1378 unde
1140 1309 1333 1379 descendat
1360 1307 1496 1377 lucidis·

450 1426 539 1495 sime
556 1424 816 1493 demonstrabo.
869 1423 943 1493 Iste
969 1432 1112 1492 nonest
1136 1423 1269 1513 primns
1294 1431 1421 1491 auctor
1437 1419 1496 1489 hu·

445 1540 643 1629 juseemodi
663 1539 840 1620 doctrinae,
858 1561 924 1607 nec
950 1537 1064 1619 solus;
1090 1537 1152 1606 sed
1174 1536 1317 1628 quidam
1343 1558 1389 1604 ex
1416 1535 1496 1626 Scy-

451 1653 536 1734 thia,
555 1649 783 1745 'Scythianus
800 1654 955 1735 nomine,
974 1652 1229 1744 Apostolorum
1242 1647 1410 1742 'tempore
1434 1650 1497 1718 fuit

452 1778 560 1837 sectae
586 1767 690 1858 hujus
715 1775 839 1837 auctor
864 1776 902 1836 et
927 1768 1098 1859 princeps,
1117 1768 1209 1836 sicut
1232 1775 1271 1835 et
1293 1766 1439 1835 fuerunt
1463 1774 1497 1833 et

451 1883 557 1952 multi
575 1882 634 1952 alii
653 1892 831 1974 apostatae,
849 1885 909 1974 qni
928 1884 1100 1974 primatus
1117 1883 1181 1951 sibi
1201 1881 1381 1951 vindicare
1405 1882 1498 1973 cupi·

452 2008 562 2078 antea,
589 1997 711 2067 lnfalsa
737 2020 801 2088 pro
829 2000 920 2068 reris
950 1998 1239 2089 conscripserunt,
1271 1996 1496 2088 simpliciores

452 2137 609 2206 quosque
626 2113 669 2183 ad
688 2113 983 2184 suamlibidinem
1001 2123 1252 2205 pervertentes,
1271 2136 1423 2204 quorum
1441 2137 1497 2181 no

452 2232 559 2311 mina,
577 2240 613 2299 et
632 2229 793 2321 perfidias
811 2230 927 2299 dicere
944 2253 1038 2299 nunc
1056 2239 1197 2321 tempus
1213 2252 1285 2297 non
1302 2230 1399 2298 sinit.
1431 2228 1496 2297 Hic

454 2367 539 2436 ergo
566 2343 778 2435 Scythianus
805 2343 1013 2413 dualitatem
1038 2345 1142 2413 istam
1174 2341 1396 2412 ”introducit
1421 2366 1498 2412 con·

453 2459 595 2526 trariam
614 2457 692 2539 sibi,
709 2459 802 2547 quod
821 2458 895 2549 ipse
914 2480 935 2526 a
953 2456 1155 2549 Pythagora
1173 2447 1338 2549 suscepit,
1357 2459 1448 2527 sicut
1464 2465 1497 2524 et

453 2572 512 2641 alii
532 2594 654 2641 omnes
672 2572 777 2662 hujus
794 2572 969 2664 dogmatis
987 2581 1185 2654 sectatores,
1200 2572 1260 2663 qui
1281 2594 1406 2642 omues
1419 2572 1498 2641 dua·

494 2757 503 2799 ¹
524 2760 581 2827 Qui
599 2760 765 2834 Scythicum
780 2761 854 2834 apud
869 2779 967 2815 omues
989 2760 1059 2815 alios
1072 2768 1191 2824 veteres,
1206 2760 1253 2833 qui
1275 2759 1310 2815 de
1325 2759 1497 2816 Manichaeo·

453 2877 515 2913 rum
529 2858 629 2913 haeresi
645 2866 811 2919 tractarunt,
827 2858 991 2930 appellatur,
1002 2866 1060 2912 tam
1075 2858 1131 2923 hic,
1146 2876 1230 2930 qnam
1244 2856 1273 2911 iu
1288 2858 1471 2930 sequentibus
1486 2876 1500 2911 a

452 2954 541 3009 veteri
565 2955 726 3028 interprete,
749 2955 904 3017 Scutiuaus,
927 2964 956 3010 et
978 2956 1148 3010 Excutiauus
1171 2962 1295 3017 vocatur,
1319 2954 1375 3009 nisi
1401 2954 1499 3027 ubique

453 3050 574 3123 imperiti
596 3051 701 3106 librarii
722 3052 758 3105 sit
773 3070 860 3106 error.
898 3052 1038 3122 (Addidit,
1055 3071 1116 3125 quae
1137 3060 1301 3124 sequuntur,
1316 3051 1353 3105 ad
1371 3052 1500 3107 Collecta-

454 3167 561 3202 aeorum
584 3167 697 3203 suorum
721 3149 825 3203 calcem
849 3149 1029 3223 Zacaguius.)
1067 3150 1140 3204 Cum
1162 3156 1226 3221 post
1245 3148 1350 3203 editam
1370 3149 1502 3205 Archelai

456 3244 674 3316 disputationem
700 3245 774 3299 inter
797 3244 1117 3317 Regio-Alexandrinos
1143 3245 1296 3300 Vaticanus
1324 3245 1503 3301 bibliotheca

454 3340 566 3395 codices
592 3341 757 3413 reperissem
786 3342 981 3415 apographum
1007 3342 1152 3415 cujusdam
1178 3340 1281 3397 vetusti
1307 3342 1434 3406 Codicis,
1458 3343 1504 3416 qui

455 3436 520 3491 olim
543 3438 578 3491 ud
597 3437 803 3492 Monasterium
820 3438 850 3492 S.
866 3438 964 3501 Salvii,
982 3439 1178 3494 Ambianensis
1196 3438 1328 3512 Episcopi
1347 3448 1377 3494 et
1392 3440 1503 3513 Marty-

454 3535 501 3596 ris,
524 3534 667 3606 pertinuit,
685 3543 713 3589 et
731 3535 759 3589 in
775 3554 809 3590 eo
826 3536 922 3591 codice
940 3555 1074 3591 unacum
1091 3535 1121 3591 S.
1137 3536 1290 3610 Augustini
1306 3536 1503 3593 Commiuuto·

456 3630 498 3684 rio
514 3631 647 3685 advorsus
667 3631 843 3686 Manichacus
858 3632 931 3687 inter
944 3633 1070 3705 ejusdem
1086 3632 1218 3706 epistolas
1233 3633 1318 3696 edito,
1332 3632 1505 3689 haberentur

456 3737 590 3800 excerpta
605 3729 732 3800 quaedam
749 3746 784 3782 ex
799 3729 869 3782 actis
884 3730 1093 3802 Disputationis
1109 3729 1239 3784 Archelai
1255 3749 1271 3784 a
1285 3749 1347 3803 cap.
1360 3750 1400 3786 nr.
1417 3751 1504 3805 usque

455 3822 491 3878 ad
506 3842 566 3895 cop.
584 3842 628 3877 av.
641 3842 733 3895 operae
748 3824 869 3895 pretium
883 3825 979 3879 censui
995 3826 1085 3881 varias
1101 3845 1135 3881 ex
1152 3827 1251 3882 eodem
1267 3828 1434 3901 apographo
1449 3828 1502 3883 lec·

456 3920 547 3974 tiones
569 3920 661 3984 edere,
685 3939 748 3975 cum
770 3920 894 3992 ipsorum
912 3941 965 3995 ope
981 3923 1109 3995 quaedam
1126 3923 1256 3978 Archelai
1275 3924 1338 3978 loca
1352 3926 1502 3981 restituan-

456 4022 511 4070 tur.
549 4015 662 4076 Quidam
685 4016 827 4072 Statianus
848 4021 959 4082 nomine,
983 4020 1029 4093 qui
1048 4021 1250 4094 Apostolorum,
1266 4030 1320 4075 cet.
1364 4021 1413 4078 Sic
1434 4022 1503 4078 infra

457 4129 568 4185 semper
582 4112 739 4168 Stratiorum
753 4123 845 4170 vocat.

499 4220 522 4248 ¹1¹
537 4209 608 4264 Cod.
625 4209 731 4282 Regius
746 4212 828 4266 Alex.
844 4212 911 4266 Vat.
919 4213 1000 4284 falsa
1011 4233 1064 4286 pro
1079 4216 1151 4269 veris
1166 4214 1363 4287 conficerent.

500 4318 515 4346 ¹¹
531 4305 630 4360 Codex
644 4306 717 4361 idern
735 4307 800 4362 vat.
816 4309 973 4366 introduxit.
