3900 5167
823 454 1134 519 DlsPU'rATIO.
1439 459 1502 520 185

452 625 580 697 faciam
623 622 734 697 latere
775 630 1026 699 conscientiam
1064 639 1226 699 vestram.
1279 629 1384 700 Tunc
1419 653 1501 700 vero

452 742 564 812 turbae
590 766 634 812 eo
656 743 807 834 amplius
832 745 1000 825 incitatae,
1019 753 1240 837 congregata
1263 756 1347 813 sunt
1373 745 1417 813 ad
1441 767 1502 814 au-

451 858 622 928 diendum
648 856 1047 957 Archelaumqetenim
1078 882 1129 941 ea,
1157 882 1238 949 quae
1264 860 1309 929 ab
1339 883 1382 928 eo
1406 860 1500 929 dice-

451 974 591 1056 bantur,
636 973 824 1065 plurimam
874 975 924 1043 eis
967 974 1241 1044 oblectationem
1285 974 1499 1066 praebebant.

452 1087 606 1179 Propter
621 1090 716 1179 quod
733 1099 771 1159 et
788 1090 950 1159 certatim
976 1089 1255 1159 adhortabantur
1278 1112 1359 1158 eum
1383 1089 1500 1161 dicere

450 1224 670 1294 quaecunque
700 1202 819 1285 vellet,
847 1226 1068 1295 quaecunque
1099 1204 1266 1283 sentiret;
1292 1213 1431 1293 paratos
1461 1226 1499 1274 se

451 1337 529 1385 esse
541 1316 586 1385 ad
604 1317 828 1398 audiendum,
843 1327 880 1387 et
893 1340 1004 1409 usque
1021 1317 1065 1387 ad
1081 1340 1263 1408 vesperum
1283 1338 1498 1409 permanere,

451 1431 561 1500 etiam
596 1434 751 1503 accensis
793 1432 995 1515 luminibus,
1029 1431 1303 1525 pollicebantur:
1348 1455 1498 1524 quorum

450 1546 677 1617 animositate
703 1548 870 1618 incitatus
896 1547 1095 1618 Archelaus
1129 1570 1210 1617 cum
1245 1549 1341 1618 omni
1371 1547 1500 1619 fiducia

451 1660 570 1731 dicere
594 1683 739 1732 exorsus
762 1672 828 1732 est.
881 1663 960 1734 Viri
985 1664 1119 1745 fratres,
1136 1663 1331 1754 superiores
1353 1663 1498 1754 quidem

451 1797 574 1845 causas
599 1777 744 1847 Domini
771 1779 840 1847 mei
867 1776 954 1848 Jesu
982 1778 1140 1859 audistis,
1167 1775 1248 1846 dico
1278 1786 1399 1846 autem
1429 1799 1498 1858 eas,

450 1916 533 1984 qnae
551 1892 694 1985 exlege
716 1903 754 1963 et
770 1894 950 1985 prophetis
968 1894 1195 1984 judicantur;
1218 1892 1399 1962 inferiores
1416 1916 1499 1963 vero

451 2004 598 2073 Domini
616 2004 686 2073 mei
703 2002 727 2074 J
729 2027 792 2074 esu
809 2004 939 2075 Christi
959 2004 1152 2075 Salvatoris
1177 2003 1287 2073 nostri
1311 2025 1381 2072 non
1399 2004 1499 2095 igno-

451 2120 547 2189 ratis.
599 2119 671 2190 Sed
689 2121 774 2212 quid
800 2119 923 2213 plural
949 2118 1133 2212 Appellati
1159 2140 1280 2188 sumus
1305 2140 1351 2188 ex
1378 2116 1499 2189 Salva·

451 2235 538 2305 toria
556 2234 727 2306 desiderio
744 2234 944 2316 Christiani,
963 2236 1056 2305 sicut
1072 2235 1254 2304 universus
1274 2234 1368 2304 orbis
1390 2243 1499 2305 terra-

451 2371 532 2418 mm
557 2351 799 2421 testimonium
825 2350 998 2443 perhibet,
1016 2359 1123 2440 atque
1140 2347 1306 2440 Apostoli
1323 2349 1496 2430 edocent;

453 2462 528 2535 ised
546 2475 584 2536 et
601 2468 755 2558 optimus
780 2465 995 2537 architectus
1018 2466 1103 2556 ejus,
1123 2463 1411 2533 ¹fundamentum
1436 2487 1498 2534 no·

451 2588 576 2660 strum,
590 2581 695 2650 idest
713 2581 893 2663 Ecclesia,
910 2579 1045 2650 Paulus
1057 2580 1185 2671 posuit,
1203 2587 1241 2648 et
1257 2577 1374 2671 legem
1392 2578 1496 2648 tradi·

452 2697 516 2779 dit,
534 2692 724 2767 kordinatis
741 2697 925 2779 Ministris,
944 2704 999 2765 'et
1015 2695 1242 2787 Presbyteris,
1259 2703 1295 2764 et
1315 2693 1498 2787 Episcopis

452 2814 488 2882 in
506 2834 569 2895 ea;
592 2813 791 2882 describens
813 2836 876 2905 per
893 2812 970 2881 loca
987 2809 1134 2904 singula,
1152 2810 1340 2901 quomodo,
1358 2819 1396 2880 et
1413 2833 1498 2902 qua·

451 2925 535 2997 liter
556 2935 717 3019 oporteat
741 2926 927 2998 Ministrcs
951 2927 1032 3009 Dei,
1050 2924 1172 3018 quales
1197 2934 1236 2994 et
1252 2924 1404 3016 qualiter
1419 2925 1495 2997 fieri

452 3039 692 3134 Presbyteros,
709 3041 900 3133 qualesque
925 3064 1001 3113 esse
1024 3042 1187 3124 debeant,
1204 3041 1282 3131 ³qui
1307 3038 1497 3134 Episcopa-

492 3298 501 3341 ἱ
523 3300 623 3359 Codex
637 3303 808 3367 casinensis,
818 3302 876 3360 Sed
894 3311 920 3359 et
939 3305 1054 3379 optimos
1067 3303 1229 3360 architectos
1242 3305 1267 3358 ei
1278 3302 1495 3376 fundamentum,

451 3397 531 3472 cujus
545 3398 723 3455 manifestam
737 3398 945 3473 corruptionem
961 3398 1073 3455 modica
1086 3399 1242 3455 mutatione
1256 3398 1430 3455 sustulimus.

491 3487 508 3533 ἱ
529 3492 623 3550 Locus
636 3494 778 3550 notandus
792 3494 828 3551 de
843 3494 1017 3551 Hierarchiae
1031 3494 1237 3551 Ecclesiasticae
1252 3493 1351 3550 ordine
1366 3492 1402 3550 ab
1416 3495 1494 3567 Apo-

452 3587 531 3644 stolis
541 3588 683 3645 instituto.
726 3590 995 3665 Episcoposautem‚
1008 3589 1203 3665 Presbyteros,
1218 3598 1248 3646 et
1261 3589 1411 3645 Ministros
1431 3595 1495 3644 tan-

451 3692 511 3740 tnm
525 3686 654 3742 nominat
667 3686 833 3752 Archelaus,
845 3687 920 3761 qnod
942 3686 1149 3753 Ministrorum,
1165 3687 1220 3743 hoc
1239 3694 1291 3751 est,
1306 3686 1496 3743 Diaconomm

452 3782 565 3838 nomine
589 3801 688 3840 omnes
711 3784 785 3840 infra
800 3784 1031 3858 Presbyteratum
1049 3783 1163 3841 ordines
1186 3783 1373 3857 antiquissimi
1397 3783 1496 3840 Patres

452 3879 690 3954 comprehendere
712 3881 927 3938 consueverint:
951 3880 991 3937 ita
1014 3880 1146 3937 Clemens
1169 3879 1377 3937 Alexandrinus
1397 3879 1446 3935 lib.
1464 3879 1494 3936 6.

453 3975 628 4032 Stromatum
643 3996 709 4052 pag.
723 3977 793 4052 667.
815 3976 1005 4034 Tertullianus
1026 3976 1062 4033 de
1077 3975 1226 4050 Baptismo
1240 3995 1302 4050 cap.
1321 3988 1367 4051 17.
1391 3974 1494 4051 Orige-

451 4089 502 4127 nes
515 4071 614 4129 homil.
631 4090 657 4128 2.
672 4073 701 4129 in
717 4073 844 4130 Hierem.
860 4072 931 4129 etin
943 4073 1076 4130 Matthaei
1086 4092 1149 4148 cap.
1165 4092 1211 4148 19.
1225 4092 1291 4149 pag.
1304 4073 1370 4147 363.
1387 4080 1416 4129 et
1429 4072 1496 4130 alibi

452 4185 565 4240 passim.

488 4326 495 4349 ¹
514 4340 524 4378 1
544 4323 612 4378 Cor.
628 4322 666 4379 iii.
682 4341 728 4379 10.
812 4325 899 4380 'Act
915 4332 1016 4398 Apost.
1032 4325 1088 4380 xlv.
1105 4341 1153 4395 23.
1236 4332 1246 4361 ³
1266 4342 1276 4379 1
1294 4323 1367 4380 Tim
1383 4324 1419 4380 iii.
1436 4342 1458 4380 1.

494 4436 563 4479 von.
580 4439 610 4480 v.
958 4417 1011 4480 nb
