3900 5167
450 449 493 511 80
675 446 928 512 ARCHELAI
959 447 1025 512 ΕΤ
1057 447 1278 512 MANETIS

451 608 519 679 boc
543 609 733 679 arbitratus
756 632 794 679 es
819 632 878 680 me
903 609 1159 681 affirmatumm
1184 611 1274 682 duas
1298 634 1376 684 eme
1397 623 1499 684 natu*

451 747 515 795 ras.
566 721 781 817 ¹Iugentem
815 725 1012 796 doctrinam
1040 727 1157 797 ferens
1194 725 1301 810 ades3
1331 738 1496 798 neutrum

450 841 546 911 enim
569 862 701 921 eomm,
720 863 798 932 quae
823 841 957 923 asseris,
974 849 1057 912 stat.
1112 840 1237 912 Potest
1262 843 1358 912 enim
1385 844 1495 935 isqui

331 975 333 980 ’
450 977 521 1024 non
552 962 688 1035 natura,
718 954 780 1023 sed
814 956 994 1047 proposito
1024 955 1244 1026 adversarius
1272 964 1339 1037 cst,
1365 956 1498 1026 amicus

450 1067 609 1149 effectus,
640 1090 710 1138 non
738 1090 814 1138 esse
839 1067 1068 1153 adversarius,
1097 1078 1136 1139 et
1164 1070 1216 1141 ita
1244 1092 1328 1140 cum
1357 1070 1496 1140 altere

450 1183 552 1254 nobis
576 1182 677 1252 alteri
703 1184 929 1275 acquieverit,
954 1207 1066 1254 unum
1093 1196 1202 1277 atque
1227 1185 1325 1255 idem
1347 1194 1495 1276 uterque

450 1297 653 1390 apparebit;
678 1321 756 1388 quae
782 1320 888 1369 causa
912 1299 1047 1369 indicat
1067 1308 1246 1370 creaturas
1271 1296 1496 1368 rationabiles

450 1412 561 1482 libero
577 1412 721 1482 arbitrio
747 1436 822 1483 esse
847 1415 1042 1505 permissas,
1066 1414 1161 1484 unde
1186 1422 1225 1485 et
1250 1412 1494 1484 conversiones

450 1526 633 1618 recipiunt,
659 1533 697 1595 et
726 1521 834 1596 hideo
860 1528 1026 1620 ingenite
1053 1536 1192 1600 natnrae
1217 1550 1296 1599 esse
1320 1550 1394 1597 non
1420 1550 1496 1620 pos-

449 1650 543 1712 sunt.
594 1640 690 1723 Quid
713 1663 797 1733 ergo
814 1640 888 1711 ais?
915 1643 993 1712 duoe
1017 1644 1097 1712 istae
1122 1652 1260 1714 naturae
1285 1644 1495 1714 inconverti-

450 1754 538 1825 biles
563 1764 657 1839 sunt‚
673 1777 719 1824 an
745 1755 1002 1837 convertibiles,
1023 1765 1087 1826 aut
1110 1779 1181 1827 una
1203 1780 1327 1828 eorum
1353 1780 1495 1829 conver-

449 1869 561 1942 titur?
588 1869 739 1940 atvero
758 1871 884 1940 Manes
902 1878 1098 1941 remoratus
1115 1882 1259 1943 estnon
1283 1871 1494 1943 inveniendo

449 2006 675 2077 responsum
700 1984 907 2054 intuebatur
929 1986 1025 2054 enim
1043 1986 1138 2077 quod
1163 2010 1210 2057 ex
1237 1998 1391 2079 utroque
1416 2008 1495 2057 con·

449 2097 652 2168 cluderetur
681 2106 896 2181 retractans3
921 2099 1005 2191 quia
1034 2100 1061 2169 si
1091 2101 1206 2170 dicam
1236 2102 1397 2171 converti
1426 2121 1493 2181 eas,

393 2287 401 2322 ἢ
449 2214 675 2307 respondebit
701 2213 786 2283 mihi
814 2214 913 2295 illud,
934 2216 1029 2306 quod
1054 2216 1092 2285 in
1117 2216 1303 2310 evangelio
1327 2217 1493 2309 scriptum

404 2327 406 2331 ’
450 2339 504 2400 est
521 2331 567 2400 de
583 2330 785 2414 arboribus;
811 2331 905 2422 quod
931 2332 960 2401 si
987 2352 1114 2424 negem
1138 2354 1214 2403 esse
1236 2330 1493 2411 convertibiles,

449 2447 693 2538 permixtionis
717 2456 861 2526 statum,
879 2454 917 2515 et
940 2469 1080 2517 causam
1107 2446 1304 2517 necessario
1321 2441 1492 2538 ¹expetet.

450 2560 593 2631 Interea
616 2562 803 2652 aliquando
829 2562 1010 2654 respondit
1041 2559 1180 2643 Manes,
1210 2559 1493 2632 inconvertibiles

450 2679 593 2770 quidem
628 2687 710 2747 eunt
740 2688 908 2768 utraeque,
935 2687 1108 2768 quantum
1137 2672 1303 2769 kspectat
1336 2677 1383 2749 ad
1414 2699 1495 2748 con·

450 2795 565 2871 traria,
591 2793 838 2863 convertibiles
864 2815 956 2875 vero,
981 2792 1076 2882 quod
1106 2799 1244 2883 spectat
1270 2792 1314 2861 ad
1346 2792 1493 2884 propria

450 2906 678 2978 Ancnmnus
701 2929 815 2990 n1x1r,
833 2909 974 2979 Videris
991 2908 1078 2976 mihi
1101 2907 1231 2977 delirus
1248 2929 1336 2988 esse,
1353 2917 1392 2976 et
1410 2905 1495 2977 obli-

451 3024 586 3095 viscens
612 3024 890 3115 propositionum
918 3034 1079 3105 tuarum3
1108 3023 1169 3093 sed
1195 3045 1241 3092 ne
1267 3044 1390 3091 eorum
1418 3023 1495 3113 qui·

450 3139 543 3224 dem,
562 3162 639 3229 quae
655 3133 841 3220 ldidicisti,
856 3137 1042 3208 verborum
1061 3139 1219 3218 virtutes,
1234 3136 1289 3205 vel
1303 3136 1494 3227 qualitates

449 3276 647 3346 agnoscere.
699 3252 829 3344 Neque
846 3255 940 3322 enim
959 3254 1139 3323 conversio
1157 3253 1242 3343 quid
1261 3255 1307 3321 sit
1323 3254 1494 3345 agnoscis,

450 3392 565 3459 neque
594 3370 678 3460 quid
707 3370 752 3438 sit
783 3370 992 3461 ingenitum,
1022 3377 1085 3437 aut
1114 3368 1198 3459 quid
1230 3366 1394 3449 dualitas,
1426 3391 1493 3438 non

450 3485 534 3576 quid
561 3485 788 3577 praeteritum,
808 3483 861 3562 vel
886 3484 968 3573 quid
995 3504 1156 3574 praesens,
1180 3482 1310 3571 quidve
1333 3482 1493 3553 futurum

449 3601 505 3681 sit,
523 3601 614 3670 sicut
635 3622 680 3668 ex
707 3599 867 3689 hisquae
890 3621 911 3667 a
932 3611 969 3667 te
992 3620 1087 3666 nuuc
1113 3598 1208 3667 dicta
1234 3607 1328 3678 sunt,
1347 3599 1492 3669 adverti.

489 3760 506 3804 ¹¹
522 3763 615 3825 Forte.
627 3771 654 3818 et
668 3763 726 3817 idco
740 3763 799 3817 duae
813 3764 935 3837 inposito
949 3771 1053 3817 aarum
1067 3779 1189 3817 essenon
1198 3768 1322 3834 possunt.
1348 3761 1493 3833 [Fortasse

449 3858 489 3914 nil
503 3859 692 3931 mutandum]

492 3953 499 3995 i
521 3955 554 4010 ln
569 3956 666 4012 codice
680 3955 828 4011 Casinensi
844 3964 913 4017 erat,
928 3957 1036 4029 erpetit.

492 4050 507 4094 k
531 4052 565 4108 In
586 4053 684 4108 eodem
706 4052 803 4108 codice
824 4061 882 4108 tam
906 4053 935 4108 in
957 4051 1012 4107 hcc
1034 4057 1183 4114 commate,
1204 4067 1287 4121 quam
1304 4048 1334 4102 in
1355 4048 1491 4124 sequenti,

449 4165 595 4221 perperam
609 4147 714 4221 legitur
728 4154 858 4218 espectet.

489 4241 498 4284 ¹
512 4243 605 4306 Forte,
620 4243 724 4298 dixisti.

817 4345 824 4367 ¹
843 4337 921 4410 [For.
936 4337 1127 4408 inscientem]
