3900 5167
822 439 1135 535 marculum.
1224 475 1228 482 ·
1438 470 1503 533 rac

450 652 625 724 natorem,
643 653 685 713 ut
701 645 863 736 opinaris,
878 652 917 714 et
934 644 1125 726 conscium,
1140 642 1207 712 hoo
1224 651 1279 714 est
1296 643 1390 734 quod
1409 643 1502 734 apud

451 781 515 829 eos
540 758 652 841 ludes,
670 770 708 829 et
724 769 893 850 tanquam
912 758 1056 851 elegans
1079 760 1209 828 mimus
1235 780 1382 851 perages
1408 780 1502 851 mys-

451 875 555 945 teria.
608 873 747 944 Verum
773 875 857 966 quid
887 897 954 968 ego
984 873 1059 943 haeo
1088 874 1315 967 indignanter
1344 874 1502 965 accipio?

454 989 588 1061 Nonne
611 998 752 1081 oportet
774 999 811 1061 te
836 988 1065 1081 multiplicari
1090 999 1257 1080 tanquam
1284 989 1429 1072 zizania,
1448 1011 1504 1061 us·

453 1128 595 1197 quequo
613 1104 674 1175 ille
698 1106 773 1197 ipse
793 1127 943 1197 magnus
967 1113 1070 1197 pater
1094 1114 1176 1173 tuns
1202 1104 1377 1186 adveniat,
1395 1105 1504 1174 susci-

452 1232 534 1292 tans
550 1230 719 1303 manuos,
737 1242 828 1311 pene
854 1242 965 1311 usque
988 1220 1032 1289 ad
1056 1218 1257 1313 gehennam
1276 1241 1400 1289 omnes
1425 1241 1503 1311 per-

452 1358 614 1429 sequens,
642 1337 702 1427 qui
734 1336 800 1406 sibi
830 1335 1077 1427 obtemperare
1111 1335 1302 1418 noluerint,
1334 1336 1504 1427 plurimos

453 1452 635 1521 deterrens
655 1453 866 1545 arrogantiae
887 1460 999 1532 metu,
1013 1474 1084 1543 quo
1101 1459 1156 1520 est
1174 1451 1248 1542 ipse
1266 1450 1502 1533 circundatus,

452 1565 531 1636 aliis
555 1566 727 1638 adhibens
751 1568 875 1649 minas,
893 1567 1013 1637 vultus
1038 1568 1091 1637 sui
1121 1566 1350 1637 conversione
1376 1577 1413 1636 et
1437 1568 1504 1636 oir-

452 1680 692 1751 cnndnctione
715 1681 917 1753 ludificans:
944 1682 1005 1752 sed
1029 1681 1124 1775 ultra
1144 1704 1215 1750 non
1241 1681 1424 1773 proliciet3
1451 1682 1504 1751 in-

451 1795 617 1886 sipientia
642 1799 737 1867 enim
763 1798 840 1889 ejus
866 1798 1030 1868 omnibus
1055 1796 1263 1889 pervulgata
1291 1796 1368 1876 erit,
1396 1797 1504 1867 ¹sicut

454 1909 605 1993 lemnes,
624 1922 661 1981 et
681 1911 874 1983 Mambres.
924 1912 949 1982 J
952 1932 1082 1983 umcns
1108 1931 1311 1992 munaum,
1331 1909 1434 1981 Sicut
1457 1934 1503 1981 ex

454 2035 491 2095 te
507 2029 753 2118 comperimus,
771 2038 941 2121 tanquam
959 2027 1134 2121 Apostolo
1153 2027 1264 2097 Paulo
1281 2026 1433 2108 dicente,
1452 2029 1505 2095 in-

453 2165 559 2235 super
584 2146 691 2215 etiam
717 2145 763 2215 ab
791 2145 986 2239 Evangelio
1013 2145 1275 2238 praescribente,
1301 2140 1413 2215 ¹‘nulli
1443 2145 1503 2216 alii

453 2281 554 2350 teque
578 2260 616 2329 in
642 2270 822 2352 posterum
845 2261 1024 2353 praebetur
1040 2263 1217 2354 ingressus
1242 2261 1286 2330 ad
1313 2261 1504 2351 praedican-

453 2372 549 2454 dum,
568 2372 624 2442 vel
642 2375 853 2460 docendum,
873 2375 928 2445 vel
946 2378 991 2446 ad
1008 2376 1334 2467 evangelizandum,
1352 2374 1406 2444 vel
1425 2397 1505 2465 pro-

452 2488 672 2580 phetandum
697 2492 733 2559 in
761 2490 826 2561 hac
857 2492 931 2560 vita
957 2491 1143 2573 duntaxat,
1176 2492 1242 2560 nisi
1273 2490 1366 2559 forte
1396 2487 1504 2559 falsus

453 2603 627 2696 propheta
651 2605 831 2688 habeatur,
853 2616 916 2676 aut
938 2605 1047 2675 falsus
1063 2604 1236 2674 Christus.
1288 2604 1395 2675 Unde
1422 2625 1504 2673 cunr

453 2720 586 2792 dixeris
609 2722 646 2790 in
674 2720 786 2792 Panlo
803 2722 911 2791 irrisae
938 2720 1165 2801 Paraolitum‚
1184 2729 1221 2790 ct
1247 2721 1362 2811 ipsum
1385 2720 1504 2790 omnia

453 2836 687 2929 consignasse,
700 2859 809 2927 quare
826 2836 928 2916 dixit,
943 2834 1022 2905 'Ec
1032 2844 1137 2929 purte
1151 2834 1288 2913 emmas,
1302 2843 1334 2904 et
1346 2858 1390 2903 ac
1400 2842 1505 2926 parte

448 2950 696 3045 prophetamus
707 2976 719 3032 ;
744 2975 820 3022 cam
843 2960 953 3021 cutem
971 2950 1111 3033 anteit,
1130 2948 1222 3043 quod
1237 2947 1427 3044 perfectum
1445 2959 1503 3033 est,

453 3065 494 3135 id
509 3066 603 3160 quod
617 3091 662 3138 ear
673 3077 775 3162 parte
792 3078 840 3138 cat
857 3067 1083 3138 destruetur?
1109 3066 1226 3150 Quem
1247 3065 1355 3137 alium
1375 3087 1503 3157 expec-

453 3190 544 3265 tans,
562 3182 630 3252 hoc
648 3183 762 3253 dixit?
788 3183 893 3266 Quod
912 3185 941 3252 si
958 3183 1034 3274 ipse
1051 3182 1242 3252 confitetur
1257 3190 1448 3272 expectare
1465 3206 1504 3252 se

453 3296 609 3390 aliquem
629 3300 847 3391 perfectum3
873 3309 911 3368 et
928 3300 956 3369 si
972 3299 1092 3367 venire
1108 3296 1261 3389 aliquem
1276 3319 1419 3366 necesse
1437 3308 1502 3379 est,

456 3413 605 3482 ostende
622 3413 724 3485 nobis
749 3414 793 3483 de
810 3438 880 3506 quo
898 3412 1017 3484 dicat?
1043 3435 1090 3483 ne
1108 3414 1198 3482 forte
1216 3413 1253 3480 in
1273 3411 1367 3482 huno
1385 3413 1504 3485 videa-

453 3604 494 3652 ert
515 3596 573 3671 ipsc
586 3595 767 3659 cirmcadataa
783 3594 847 3651 aliis
860 3594 967 3651 adhibet
981 3595 1068 3650 minas
1084 3592 1175 3648 cultus
1190 3592 1235 3647 eui
1255 3592 1426 3647 conversione
1446 3593 1501 3648 cir·

454 3693 577 3749 raudatio
591 3692 726 3767 ludificat.
764 3691 821 3748 Sed
839 3698 884 3755 ac.
926 3691 1030 3749 Manes
1052 3698 1146 3747 autem
1160 3698 1295 3762 tanquam
1311 3688 1427 3745 Mithrae
1449 3689 1501 3747 Sa·

453 3790 553 3846 cerdoa
576 3789 744 3858 traducitur,
767 3789 831 3863 quia
852 3790 940 3846 solem
963 3789 1168 3846 venerabantur
1192 3785 1356 3851 Manichaei,
1382 3795 1414 3843 ut
1436 3787 1503 3844 alibi

454 3887 582 3944 ostendo.
625 3886 755 3959 (Mithrae
777 3887 836 3943 sive
857 3887 924 3943 solis
946 3887 1081 3962 mysteria
1102 3893 1231 3943 recenset
1246 3883 1436 3940 Tertullianus
1456 3882 1503 3940 De

451 4003 563 4059 precer.
577 3984 684 4041 Haeret.
700 4003 762 4058 cap.
778 3987 840 4056 40.)

495 4081 510 4124 k
534 4082 568 4138 In
583 4081 732 4138 casinensi
753 4090 806 4146 est,
821 4083 889 4139 nulli
909 4082 963 4138 olio
979 4090 1059 4156 atque
1075 4089 1224 4155 poster-um,
1241 4098 1324 4153 quem
1345 4078 1439 4133 locum
1461 4078 1502 4132 uti

455 4179 559 4236 editum
574 4187 619 4235 est
632 4178 785 4253 legendum
799 4179 906 4236 censui.
933 4180 1009 4247 (For.
1027 4178 1112 4233 modo
1128 4189 1193 4232 aute
1208 4175 1387 4232 scribendum
1403 4182 1456 4238 est,
1474 4174 1504 4230 id

456 4277 588 4352 evnnqelio
599 4277 813 4350 praescribente.)

574 4396 581 4419 ¹
598 4389 702 4445 2Tim.
717 4390 756 4448 iii.
774 4389 802 4455 8,
818 4409 847 4464 9.
1081 4394 1088 4417 ²
1109 4407 1117 4443 1
1135 4387 1202 4443 Cor.
1219 4387 1276 4441 xiii.
1292 4403 1320 4458 9,
1338 4404 1379 4441 ιο.
