3900 5167
449 454 515 516 284
644 453 708 516 DE
733 451 1116 516 REBAPTISMATE
1141 450 1302 515 LIBER.

450 636 471 664 ‘⁴
490 637 604 696 tatum
628 628 664 695 in
685 625 864 696 codicibus
881 625 994 695 tribus
1012 624 1144 695 Ursino
1161 622 1347 705 monacho,
1365 624 1483 714 dequo

451 738 696 809 “Gennadius
725 760 800 830 cap.
825 743 885 819 27,
916 738 976 808 ubi
1004 736 1213 809 Sirmondus
1243 739 1332 831 legit
1366 736 1484 810 Ursici-

451 865 471 893 “
490 856 584 924 aus.”
636 853 776 923 Labbaei
795 851 976 946 synopsis.

526 1109 621 1181 Gur.
639 1109 782 1180 Csvrus
798 1106 895 1179 Hiol.
913 1106 1094 1179 Litcraria
1111 1108 1179 1179 vol.
1198 1113 1227 1177 1.
1245 1113 1422 1203 pag.181.

501 1248 806 1320 ANONYMUS
831 1258 934 1319 autor
955 1257 1126 1320 tractatus
1151 1249 1196 1319 de
1218 1249 1403 1341 Baptismo
1427 1271 1487 1316 non

452 1366 612 1435 iterando
625 1389 647 1435 a
658 1363 814 1458 Rigaltio
828 1364 922 1433 inter
934 1387 1041 1455 opera
1050 1363 1216 1457 Cypriani
1229 1365 1386 1455 primum
1399 1363 1487 1433 editi.

453 1478 633 1572 Antiquus
656 1488 753 1551 certe
777 1488 842 1558 est,
860 1502 902 1549 ae
924 1478 970 1549 ab
993 1501 1071 1548 aevo
1088 1476 1255 1572 Cypriani
1281 1501 1407 1571 parum
1430 1479 1490 1547 dis

452 1604 541 1678 tans,
559 1595 723 1686 quodque
749 1592 907 1686 pluribus
932 1592 1019 1664 locis
1044 1592 1154 1665 libelli
1181 1594 1234 1664 sui
1259 1616 1331 1664 non
1353 1594 1490 1664 obscure

334 1778 336 1782 ,
450 1711 588 1793 inuuit3
614 1711 774 1780 fervente
801 1709 917 1779 adhuc
945 1710 1183 1779 controversia
1210 1709 1254 1778 de
1282 1709 1491 1802 rebaptizan-

451 1826 504 1895 dis
528 1825 711 1907 haereticis,
732 1824 880 1916 scripsit.
934 1823 1038 1893 Nihil
1063 1823 1215 1915 amplius
1240 1825 1286 1894 de
1311 1848 1356 1895 eo
1382 1827 1491 1896 dicen-

452 1943 539 2011 dum
568 1951 688 2024 restat,
717 1942 783 2013 nisi
813 1942 908 2033 quod
940 1941 1039 2012 locus
1068 1940 1210 2033 quidam
1242 1949 1418 2011 tractatus
1445 1939 1491 2010 sui

452 2061 600 2149 (p.129.
627 2058 713 2127 edit.
737 2055 871 2150 Rigalt.
895 2055 1002 2138 1648,
1029 2078 1092 2127 scu
1117 2078 1193 2149 cap.
1208 2058 1257 2148 5.)
1286 2055 1492 2148 Episcopum

452 2170 559 2241 fuisse
577 2171 724 2240 suadere
743 2172 924 2251 videatur;
950 2169 1012 2239 ubi
1037 2178 1140 2239 autor
1160 2192 1197 2239 se
1214 2192 1237 2239 a
1253 2167 1349 2238 clero
1367 2169 1494 2237 minora

452 2295 574 2377 aperte
598 2287 682 2355 satis
705 2286 902 2379 distinguit,
919 2307 1103 2376 unumque
1121 2307 1165 2354 ex
1190 2285 1233 2353 iis
1256 2284 1365 2353 luisse
1382 2284 1493 2354 subin·

453 2402 560 2484 dicat,
585 2402 712 2493 quibus
739 2402 914 2494 baptisma
939 2401 1092 2493 Spiritus
1120 2423 1184 2493 per
1208 2421 1336 2468 manus
1361 2399 1494 2491 imposi-

454 2518 587 2587 tionem
621 2517 824 2587 confercndi
857 2523 1017 2607 potestas
1045 2539 1067 2586 a
1096 2516 1253 2586 Domino
1284 2516 1416 2585 tradita
1443 2516 1493 2585 sit.

453 2633 534 2716 Quo
552 2635 719 2726 majorem
739 2656 822 2702 vero
844 2631 962 2703 lucem
985 2633 1036 2703 rei
1060 2632 1256 2715 afferamus,
1275 2631 1393 2702 locum
1411 2633 1494 2701 inte

451 2773 555 2843 grum
572 2772 748 2842 apponere
765 2772 836 2818 non
852 2750 1086 2841 gravabimur.

503 2862 552 2932 Et
582 2862 667 2944 ideo,
699 2865 824 2954 inquit,
855 2887 931 2932 cum
958 2861 1052 2932 solcas
1083 2872 1200 2934 costra
1230 2864 1268 2933 ia
1302 2862 1495 2957 baptisante

452 2977 609 3072 Spiritus
640 2979 747 3070 (quod
779 2979 1003 3070 impositione
1037 3003 1206 3049 manuum
1239 2979 1495 3070 Episcopaliurn

453 3096 602 3163 conferri
625 3118 728 3186 supra
749 3097 877 3185 saepius
899 3094 1081 3186 docuerat)
1101 3093 1192 3188 qnod
1207 3092 1410 3188 plerumq-nc
1428 3119 1495 3165 narn

453 3208 652 3303 baptismale
685 3233 785 3302 aqua
818 3209 1032 3301 colp'nuclam
1066 3218 1125 3292 est,
1155 3211 1200 3280 sit
1233 3212 1442 3290 coarctatam
1469 3210 1497 3278 si

454 3324 587 3419 quidem
611 3349 676 3418 pcc·
702 3348 763 3394 nos
790 3323 958 3418 baptisma
985 3325 1149 3407 tradet-ur,
1171 3327 1312 3421 iratcpre,
1336 3336 1368 3396 et
1395 3326 1497 3397 solea

455 3443 554 3523 ariter,
583 3451 614 3510 ct
634 3466 700 3534 per
726 3444 842 3511 omnia
865 3465 941 3534 quoe
966 3442 1096 3535 scripta
1120 3450 1199 3512 salat
1224 3443 1429 3538 assignetur,
1454 3450 1498 3510 nt

454 3582 518 3650 quc
534 3558 608 3627 siric
626 3555 697 3625 nlla
713 3555 817 3627 allius
835 3557 888 3626 rei
904 3560 1120 3651 separatione
1137 3557 1318 3628 tradatur:
1347 3568 1408 3629 aal
1430 3559 1460 3628 oi
1481 3580 1499 3625 a

454 3674 587 3743 iniciare
604 3671 692 3742 alara
711 3672 748 3764 (i.
765 3696 794 3742 e.
814 3674 1018 3765 presbytero
1045 3682 1082 3743 et
1105 3674 1262 3755 diacono,
1281 3684 1322 3743 ut
1348 3676 1385 3742 in
1412 3676 1500 3743 notis

454 3799 551 3858 recte
587 3788 777 3882 Rigaltius)
812 3812 879 3881 per
913 3790 1141 3859 necessilatem
1182 3790 1347 3860 traditam
1376 3789 1499 3884 fucrit,

455 3914 605 3974 coelatum
630 3912 848 3997 capcalcmaa
868 3913 904 3972 at
930 3912 990 3973 arat
1014 3903 1250 3998 srtpplcatara
1274 3902 1381 3987 uobis,
1401 3914 1500 3974 arata

456 4017 610 4089 Domino
647 4017 871 4112 supplendam
911 4029 1111 4090 reservetur.
1178 4020 1346 4111 Nuperus
1384 4030 1500 4089 tamen

454 4136 602 4225 scriptor
616 4135 821 4221 (Casimirus
839 4136 960 4204 Oudin
980 4135 1162 4228 Supplem.
1181 4136 1225 4204 de
1243 4134 1373 4225 Script.
1387 4136 1424 4202 in
1437 4133 1502 4225 Cy-

456 4250 591 4339 priano)
611 4250 770 4320 libellum
790 4252 897 4320 istum
916 4251 1046 4321 Ursino
1064 4251 1236 4320 monacho
1254 4250 1394 4320 cuidam
1411 4249 1502 4318 Afri·

456 4388 542 4434 cano
574 4366 749 4436 Gennadii
782 4367 1024 4446 Massiliensis,
1051 4381 1088 4436 et
1113 4367 1278 4436 Vaticani
1309 4367 1391 4436 MS.
1420 4376 1500 4457 (qua
