3900 5167
829 448 1133 513 ARCHELAUS.
1463 446 1505 510 17

453 621 564 697 linem,
584 618 639 685 sed
662 627 774 705 postea
796 621 877 684 hanc
898 641 1007 684 curam
1027 619 1065 683 iis
1084 618 1260 703 relinquere
1280 617 1380 681 satius
1400 616 1504 692 duxit,

455 723 512 807 qui
523 744 637 786 novam
648 722 818 787 editionem
831 744 962 807 operum
973 724 1005 785 S.
1017 720 1188 806 Epiphanii
1197 719 1376 805 aggressuri
1388 729 1503 794 essent,

455 832 515 888 aut
545 826 597 909 qui
628 824 770 889 Socratis
798 823 939 889 historiae
963 845 1036 887 cum
1064 822 1149 887 notis
1180 821 1353 886 doctissimi
1384 819 1505 883 Valerii

456 947 568 989 rursus
581 926 712 990 sdeudae
731 946 861 1008 operam
883 925 1087 1011 susciperent.
1134 923 1179 987 Et
1201 924 1354 987 hactenus
1377 921 1504 1005 quidem

456 1028 502 1092 nil
522 1029 607 1093 aliud
622 1051 662 1093 ex
678 1028 829 1092 Archelai
849 1027 1065 1112 disputatione
1080 1025 1238 1110 publicam
1252 1025 1354 1088 lucem
1368 1023 1503 1108 aspexit.

455 1131 539 1196 (lum
563 1140 672 1197 autem
698 1131 787 1195 Sacri
813 1131 893 1194 Loci
919 1128 1098 1193 reverentia
1121 1128 1245 1203 ductus,
1274 1126 1428 1190 Casinum
1453 1147 1503 1189 ve·

457 1234 584 1312 nissam,
611 1242 645 1297 et
673 1233 715 1298 ab
743 1232 971 1317 antiquissimis
995 1230 1193 1315 temporibus
1219 1228 1380 1293 conditam
1410 1227 1454 1291 ibi
1483 1250 1504 1293 a

456 1334 647 1399 doctissimis
660 1356 751 1419 aeque
765 1356 803 1398 ac
814 1333 1020 1398 sanctissimis
1035 1331 1264 1397 coenobiercbis
1280 1329 1503 1393 bibliothecam

457 1431 709 1516 perlustrassem,
730 1431 814 1495 inter
835 1431 899 1496 alia
920 1452 984 1495 uon
1007 1451 1109 1516 pauca
1130 1429 1251 1493 inedita
1273 1428 1377 1491 adhuc
1395 1436 1503 1492 vetera

456 1541 673 1611 monumenta,
690 1532 839 1596 Archelai
854 1532 1012 1618 integram
1024 1554 1096 1596 cum
1108 1533 1243 1595 Manete
1254 1530 1503 1614 disputationem

455 1633 489 1697 in
510 1642 730 1699 sexcentorum
755 1634 944 1718 etamplius
965 1654 1122 1699 annorum
1144 1632 1250 1696 codice
1271 1631 1385 1716 reperi,
1406 1652 1502 1715 quam

455 1736 540 1800 bona
559 1736 810 1801 reverendissimi
826 1737 985 1821 quondam
1004 1736 1142 1812 abbatis,
1157 1758 1239 1800 nunc
1254 1757 1328 1798 vero
1345 1732 1501 1818 archiepi-

454 1840 542 1925 scopi
558 1839 766 1903 Rossanensis
780 1840 919 1904 Andreae
935 1839 1077 1904 Deodati
1093 1838 1152 1903 viri
1167 1836 1383 1903 humanissimi
1403 1844 1501 1921 atque

454 1942 635 2007 amicissimi
660 1941 761 2019 venia,
785 1964 857 2006 cum
880 1941 1039 2005 nonnullis
1060 1941 1130 2005 aliis
1152 1949 1294 2006 veterum
1316 1938 1442 2024 scriptis
1468 1940 1501 2003 in

456 2044 619 2109 Vaticana}
638 2043 837 2107 bibliothecae
855 2051 1078 2108 oruamentum
1101 2041 1270 2108 transcribi
1290 2040 1407 2117 curavi,
1427 2062 1499 2125 ope

453 2167 522 2209 ram
547 2145 751 2229 favoremque
785 2168 877 2210 suum
907 2144 1131 2209 humanissime
1163 2150 1337 2229 praestante
1372 2144 1500 2206 llomnc

454 2246 639 2334 Augustino
660 2247 821 2311 Collicello
841 2271 861 2312 a
877 2247 1024 2333 Neapoli,
1042 2256 1117 2311 tunc
1132 2245 1284 2331 temporis
1299 2244 1499 2310 bibliothecae

453 2348 536 2413 illius
550 2349 714 2435 praelecto.
761 2350 833 2414 Non
853 2371 982 2436 possum
997 2358 1105 2415 tamen
1126 2349 1177 2412 hic
1194 2348 1321 2412 silentio
1336 2348 1499 2432 praeterire

453 2458 608 2536 quantum
623 2450 853 2537 diligentissimi
873 2453 1004 2517 alterius
1027 2452 1258 2517 bibliothecarii
1278 2451 1403 2515 Erasmi
1420 2453 1501 2515 Gat-

452 2552 526 2617 tolae
540 2575 562 2617 a
578 2553 694 2637 Cajeta
709 2553 901 2618 humanitati
917 2554 1059 2631 debeam,
1076 2555 1129 2639 qui
1150 2576 1310 2638 nunquam
1325 2554 1402 2618 meis
1416 2553 1498 2617 votis

451 2655 565 2732 defuit,
591 2655 804 2741 plurimosque
830 2656 862 2720 in
884 2677 1026 2720 meorum
1049 2656 1226 2721 studiorum
1253 2656 1431 2741 prefectum
1452 2657 1498 2721 la·

452 2759 545 2822 bores
568 2759 653 2822 ultro
674 2759 801 2837 subivit,
823 2759 1000 2844 praesertim
1022 2759 1055 2821 in
1080 2759 1286 2823 emaculanda
1310 2759 1369 2823 hac
1392 2759 1497 2845 dispu-

451 2860 575 2925 tatione
589 2862 753 2938 Archelai,
768 2861 858 2946 cujus
877 2862 1052 2946 apographi
1072 2862 1206 2946 plurima
1226 2861 1296 2925 loca
1316 2862 1438 2926 mendis
1452 2862 1498 2925 in-

451 2962 613 3040 cubantia,
629 2985 700 3028 cum
715 2964 888 3048 archetype
900 2965 1008 3029 codice
1024 2964 1166 3030 contulit.
1198 2964 1262 3028 Sed
1273 2973 1310 3029 ut
1325 2965 1367 3028 ad
1378 2965 1497 3028 Arche-

450 3064 536 3129 laum
552 3067 693 3143 redeam,
703 3074 830 3151 repertc
840 3067 900 3131 boc
912 3067 1125 3131 vetustissime
1136 3068 1287 3131 adversus
1298 3067 1497 3131 Manicbaeos

451 3190 555 3253 opere,
578 3170 620 3233 ad
643 3169 771 3233 neiariae
793 3170 964 3233 eorundem
989 3170 1144 3234 haereseos
1171 3170 1335 3234 historiam
1360 3170 1495 3233 conscri-

451 3270 587 3335 bendam
596 3271 736 3336 animum
747 3272 885 3349 admovi,
894 3273 985 3356 eique
995 3295 1057 3336 non
1068 3274 1162 3337 modo
1174 3273 1332 3359 integram
1344 3273 1495 3337 Archelai

451 3373 711 3458 disputationem,
737 3375 793 3438 sed
818 3387 851 3439 et
881 3376 989 3440 Photii
1018 3376 1209 3460 patriarchae
1240 3378 1310 3440 CP.
1339 3377 1435 3440 libros
1455 3376 1494 3441 iv.

449 3476 602 3539 adversus
617 3474 814 3540 Manichaeos
835 3498 892 3539 suo
913 3485 1057 3560 tempore
1076 3477 1192 3542 iterum
1212 3487 1350 3556 exortos,
1370 3478 1495 3562 aliaque

450 3577 551 3641 multa
565 3577 669 3641 adhuc
684 3577 814 3655 inedita,
829 3579 997 3663 magnique
1011 3579 1156 3644 iacienda
1171 3587 1312 3644 veterum
1328 3590 1493 3644 auctorum

419 3752 425 3758 ,
450 3678 570 3763 scripta
591 3680 774 3764 appendicis
795 3680 863 3744 loco
885 3681 1074 3767 subjungere
1096 3683 1314 3747 decreveram:
1339 3684 1395 3746 sed
1417 3684 1492 3748 doc-

450 3780 641 3845 tissimcrum
662 3782 800 3848 virorum
819 3783 948 3847 consilio
968 3784 1088 3848 lactum
1108 3793 1167 3861 est,
1184 3796 1219 3848 ut
1242 3785 1275 3848 iu
1295 3792 1494 3849 antecessum

449 3892 522 3947 acta
547 3883 611 3947 ista
636 3884 668 3947 in
698 3885 800 3970 primo
829 3885 1022 3950 collectionis
1051 3895 1168 3951 nostrae
1197 3894 1285 3951 tomo
1314 3888 1492 3952 ederentur.

451 3983 561 4049 Habes
581 3985 699 4071 itaque,
715 3986 838 4051 erudite
859 3985 969 4063 lector,
986 3987 1143 4072 integram
1165 3988 1315 4052 Archelai
1331 4010 1402 4052 cum
1421 3988 1494 4052 Ma·

450 4096 521 4151 nete
552 4088 798 4173 disputationem
826 4090 910 4152 bena
935 4089 998 4152 fide
1028 4112 1068 4153 ex
1097 4091 1281 4174 apographo
1312 4090 1493 4154 Casinensis

451 4190 573 4266 codicis,
605 4192 689 4275 quod
719 4191 751 4253 in
782 4191 936 4254 Vaticana
965 4189 1157 4255 bibliotheca
1182 4203 1335 4267 servatur,
1362 4191 1491 4267 editam,

452 4289 657 4376 brevibusque
674 4292 759 4358 notis
779 4291 896 4355 criticis
915 4291 1119 4369 illustratam,
1137 4301 1234 4376 atque
1255 4292 1309 4356 ubi
1330 4315 1388 4377 per
1407 4293 1492 4375 inge·

452 4392 534 4456 nium
549 4401 621 4458 tuto
632 4394 730 4473 licuit,
742 4394 944 4459 emendatam
951 4418 960 4470 3
974 4403 1050 4459 sunt
1066 4395 1191 4459 enimin
1203 4417 1241 4460 eo
1253 4395 1359 4460 codice
1371 4396 1491 4461 librarii

489 4516 555 4561 von.
572 4518 601 4560 v.
958 4520 978 4558 n
