3900 5167
820 452 1131 517 DISPUTATIO.
1437 446 1500 521 177

450 649 519 697 nan
545 626 627 697 esti
651 624 697 698 Si
713 626 804 695 enim
824 626 1030 696 resurrectio
1047 632 1259 695 mortuorum
1278 650 1346 696 non
1364 637 1422 709 est,
1439 651 1501 698 nec

452 739 616 815 Christus
640 740 843 810 resarserit.
894 738 939 812 Si
964 748 1076 809 autem
1102 736 1264 812 Christus
1287 764 1356 811 non
1385 765 1500 812 resur·

451 856 553 937 recit,
572 854 689 924 inanis
706 863 755 924 est
771 877 851 951 erpo
865 851 1077 947 pradicatio
1100 861 1228 923 nostra.
1278 852 1499 926 Inveniemur

451 970 553 1040 aram
569 968 665 1065 fohri
694 977 790 1040 testes
816 967 898 1051 Dei,
924 970 986 1062 qui
1011 968 1240 1038 testimonium
1260 968 1499 1063 perhibuimus

451 1083 616 1155 odccrau
632 1082 758 1166 Deum,
776 1084 860 1178 quia
876 1083 1092 1154 suscitaverit
1110 1081 1298 1167 Christum,
1316 1109 1413 1179 quem
1431 1110 1500 1157 non

451 1199 638 1271 uuoiwait.
689 1198 735 1272 Si
767 1198 903 1293 quidem
938 1199 1068 1269 moritu
1104 1220 1173 1269 non
1211 1209 1404 1298 resurpunt,
1440 1226 1501 1273 nec

453 1313 616 1389 Christus
640 1316 844 1386 resurreuit.
895 1314 940 1387 Si
965 1324 1076 1384 autem
1105 1313 1266 1387 Christus
1292 1340 1361 1387 non
1384 1341 1500 1387 resur-

451 1431 555 1513 reait,
572 1453 661 1502 aona
678 1429 824 1524 estfides
841 1440 961 1513 aestro,
979 1429 1091 1501 adhuc
1108 1431 1188 1501 estis
1207 1432 1244 1500 in
1261 1432 1413 1526 peccatis
1430 1457 1501 1504 ces-

452 1546 518 1616 tris
528 1570 542 1626 ,·
566 1567 647 1643 erpo
664 1554 695 1616 et
712 1546 773 1640 qui
789 1545 1006 1617 dannaia-unt
1023 1543 1061 1615 in
1076 1543 1226 1628 Christe,
1240 1548 1430 1641 perierunt.
1457 1547 1503 1621 Si

452 1662 492 1731 in
507 1660 573 1733 hac
588 1662 660 1733 aito
672 1661 904 1733 tantummodo
916 1685 1093 1756 meremus
1107 1662 1145 1731 in
1159 1659 1311 1745 Christo,
1325 1663 1502 1734 miserabi-

452 1775 558 1849 liores
572 1800 691 1848 sumus
702 1775 862 1848 omnihus
871 1775 1076 1847 hominihus.
1102 1775 1206 1848 Nunc
1216 1787 1327 1848 autem
1341 1777 1502 1852 Christus

452 1894 648 1965 resurreait
663 1916 685 1962 o
702 1893 847 1964 mortuis
867 1892 1006 1963 initium
1024 1891 1279 1976 dormientium,
1297 1904 1334 1963 et
1355 1895 1500 1986 reliqua.

455 2007 545 2091 Quis
572 2032 657 2102 rogo
684 2019 757 2078 tam
784 2010 994 2079 temerarius
1021 2017 1059 2078 et
1093 2009 1279 2100 impudens
1312 2010 1501 2093 invenitur,

456 2125 534 2215 rqui
547 2125 625 2194 istis
637 2125 865 2194 sacrosanctis
880 2125 1024 2194 vocibus
1037 2147 1107 2193 non
1125 2126 1370 2196 accommodet
1382 2127 1500 2209 fidem,

455 2241 492 2309 in
509 2240 639 2331 quibus
657 2240 755 2311 nulla
771 2250 827 2312 est
844 2241 1038 2322 distinctio,
1056 2240 1154 2312 nulla
1171 2241 1371 2312 dubitatio?
1399 2241 1502 2326 Quis-

455 2379 538 2426 nam
556 2378 673 2447 quaeso
689 2358 797 2426 etiam
815 2366 864 2439 te,
881 2379 903 2426 o
921 2356 1031 2426 stulte
1045 2356 1185 2441 Galata,
1197 2359 1391 2440 fascinavit,
1410 2360 1503 2428 sicut

456 2480 494 2541 et
511 2469 602 2552 ilios,
621 2471 793 2561 ¹(luorum
815 2480 893 2541 onte
909 2469 1023 2542 ocutos
1040 2470 1146 2542 Jesus
1162 2470 1322 2545 Christus
1339 2473 1504 2567 'rescrip-

457 2595 511 2657 tus
531 2596 580 2657 est
602 2587 816 2680 aurifluus?
841 2586 947 2657 Unde
965 2588 1116 2657 arbitror
1132 2587 1291 2657 sufficere
1309 2588 1386 2657 haec
1405 2589 1505 2658 testi·

456 2702 577 2773 monia
600 2704 644 2772 ad
675 2704 911 2773 ostensionem
935 2703 1071 2793 judicii,
1101 2712 1138 2773 et
1165 2705 1442 2785 resurrectionis,
1467 2714 1505 2773 et

457 2819 634 2909 passionis,
657 2820 784 2910 quibus
807 2827 1075 2909 consequenter,
1102 2828 1139 2888 et
1162 2820 1294 2911 pariter
1316 2841 1361 2887 ex
1387 2817 1505 2889 Maria

458 2940 578 3023 partus
604 2933 810 3003 ostenditur.
863 2930 958 3014 Quid
985 2931 1104 3000 enim?
1131 2933 1158 3001 si
1187 2940 1227 3000 tu
1254 2931 1345 3003 nolis
1366 2934 1507 3023 acquie-

458 3068 567 3127 scere,
592 3043 655 3115 sed
681 3043 946 3114 evidentissime
972 3041 1156 3135 Scriptura
1183 3045 1387 3135 proclamet.
1431 3046 1506 3118 Ve-

458 3169 646 3230 runtamen
672 3158 896 3251 interrogabo
925 3165 972 3239 te,
999 3165 1039 3225 tu
1065 3166 1183 3226 autern
1213 3158 1301 3226 mihi
1325 3160 1506 3249 responde,

459 3275 601 3368 quando
626 3272 732 3344 Jesus
758 3274 803 3344 de
828 3271 968 3343 Joanue
993 3274 1237 3342 testimonium
1260 3275 1332 3355 dat,
1357 3285 1394 3344 et
1415 3276 1509 3345 dioe-

459 3391 530 3473 bat,
557 3390 640 3481 quia
665 3386 807 3479 'Major
833 3388 871 3457 in
892 3387 986 3457 natis
1007 3386 1189 3457 mulierum
1218 3387 1333 3458 nulius
1354 3390 1515 3468 surremit

459 3503 598 3575 Joanne
614 3501 777 3597 Baptista
788 3527 800 3584 ;
826 3500 887 3595 qui
912 3510 1024 3572 autem
1047 3504 1163 3573 minor
1185 3511 1234 3573 est
1259 3503 1297 3571 in
1323 3527 1427 3599 repno
1444 3527 1510 3583 cea-

460 3617 570 3690 lorum
597 3617 707 3710 major
731 3626 780 3688 est
805 3615 887 3687 iiio:
915 3615 985 3685 Dio
1012 3617 1101 3686 mihi
1128 3641 1198 3709 qua
1227 3619 1366 3687 ratione
1396 3620 1510 3709 major

460 3734 521 3804 iilo
548 3743 604 3806 est
633 3735 670 3802 in
698 3755 807 3823 regno
838 3731 1027 3801 calorum?
1055 3731 1229 3823 Nunquid
1259 3730 1364 3803 Jesus
1394 3736 1510 3804 minor

502 3937 513 3967 r
535 3923 570 3979 In
584 3922 684 3979 eodem
699 3921 797 3979 codice
818 3922 932 3996 legitur,
947 3923 995 3996 qui
1015 3923 1095 3979 istum
1112 3930 1313 3979 sacrosanctam
1331 3922 1449 3986 vocibus,
1464 3928 1508 3987 ἃς.

463 4018 575 4081 librarii,
591 4026 623 4073 ut
637 4018 766 4080 arbitror,
782 4036 888 4075 errore.

503 4123 514 4154 ⁸
529 4114 660 4189 Vulgatae
676 4114 806 4170 editionis
822 4114 919 4169 melior
933 4114 1027 4178 lccti0,
1037 4116 1217 4189 prescriptae
1231 4122 1281 4169 est.
1320 4114 1509 4187 (Proscriptus

466 4220 512 4274 cst,
528 4212 552 4265 V
556 4212 630 4268 ersio
645 4231 706 4285 quae
722 4211 813 4267 Vetus
829 4212 900 4267 Itala
915 4212 1091 4285 appellatur.)

665 4351 672 4372 ¹
689 4343 781 4398 Galat.
798 4343 835 4397 iii.
853 4360 874 4396 r.
1097 4341 1183 4396 'bist
1210 4341 1304 4397 xi.11.

509 4440 571 4483 sor.
588 4442 616 4481 v.
951 4444 969 4481 Α
987 4442 1006 4481 a
