3900 5167
503 448 567 508 250
867 447 900 508 S.
918 446 1189 510 AUGUSTINI

505 618 600 688 Nam
627 642 709 688 curn
736 620 780 688 de
807 619 923 712 Magis
949 618 1164 710 loqueretur,
1183 616 1339 706 Quotam
1357 619 1507 700 tomen,
1498 641 1551 687 rn-

340 756 470 806 nsuus
503 735 591 826 quit,
609 735 810 828 precipuos
827 732 1010 815 Hostanes,
1031 743 1062 804 et
1079 732 1238 830 formem
1262 757 1334 804 cerr
1329 732 1426 803 'Dei
1453 741 1551 830 nepot

305 822 482 951 ῗέζῗῇ
503 851 654 944 conspici
665 874 777 945 posse,
790 860 822 920 et
834 848 993 947 onpclos¹
1004 871 1100 921 aeros
1112 848 1232 920 sedi
1198 873 1269 941 eyns
1283 848 1370 920 dicit
1383 851 1550 920 assistere.

503 963 550 1036 In
568 990 634 1060 quo
650 976 682 1038 et
698 965 802 1038 Pluto
818 967 901 1059 pori
917 967 1052 1037 ratione
1069 968 1243 1047 consentit,
1261 974 1294 1036 et
1310 989 1417 1035 onum
1435 964 1550 1035 Deum

502 1106 650 1161 smsons,
675 1093 799 1154 ceteros
825 1082 962 1180 onpclos
985 1082 1039 1154 cel
1065 1082 1239 1153 daemonnr
1264 1081 1360 1153 dicit.
1402 1081 1550 1153 Hermes

503 1223 633 1294 quoqne
654 1198 895 1296 Trisrnepistns
912 1223 1019 1269 nrrnm
1036 1197 1151 1269 Deam
1176 1197 1337 1293 loquitar,
1356 1207 1479 1269 etcum
1497 1199 1552 1267 in-

503 1313 833 1409 comprehensibilem
857 1324 956 1410 otqne
979 1314 1250 1386 inestimabilem
1273 1316 1460 1409 confitetor.
1511 1313 1549 1384 Si

503 1454 587 1525 ergo
605 1434 662 1502 isti
681 1434 859 1501 venissent
884 1432 928 1501 ad
956 1432 1215 1524 percipiendam
1235 1431 1471 1501 Christianam
1496 1454 1550 1499 sa-

503 1547 626 1628 lutem,
645 1572 715 1617 non
733 1550 856 1639 utique
874 1549 924 1617 eis
942 1549 1129 1630 diceretur,
1148 1546 1229 1618 Hoc
1246 1546 1380 1617 malum
1401 1547 1548 1629 habetis,

503 1661 559 1731 vel
578 1663 704 1733 falsum
721 1662 880 1733 habetis:
906 1665 967 1733 sed
990 1662 1093 1755 plane
1117 1664 1244 1733 merito
1262 1664 1450 1747 diceretur,
1469 1661 1549 1731 Hoc

403 1783 406 1787 '
501 1780 601 1849 vobis
624 1781 783 1871 quamvis
808 1782 987 1872 integrum
1006 1790 1043 1849 et
1062 1802 1193 1861 verum,
1212 1780 1298 1849 nihil
1326 1790 1446 1849 tamen
1472 1801 1550 1871 pro·

502 1895 632 1978 desset,
650 1896 715 1965 nisi
732 1896 777 1966 ad
797 1895 928 1966 Christi
945 1898 1096 1990 gratiam
1114 1897 1288 1966 veniretis.
1341 1895 1381 1965 Si
1405 1919 1490 1988 ergo
1514 1896 1549 1963 in

502 2011 586 2102 ipsis
604 2010 754 2082 ethnicis
780 2021 897 2103 potest
919 2012 1052 2104 aliquid
1079 2013 1236 2081 divinum
1263 2013 1412 2082 inveniri
1439 2021 1549 2081 recte·

502 2148 572 2216 que
601 2127 796 2218 approbari,
824 2129 985 2218 quamvis
1013 2128 1064 2197 eis
1090 2126 1184 2197 salus
1214 2128 1329 2197 adhuc
1360 2151 1382 2197 a
1409 2127 1548 2197 Christo

503 2240 698 2332 prestanda
723 2243 789 2324 sit;
816 2265 887 2311 non
914 2252 1056 2334 oportet
1079 2265 1143 2312 nos
1168 2244 1219 2311 ita
1242 2244 1388 2322 moveri,
1412 2242 1547 2312 etiamsi

503 2356 639 2447 pejores
656 2368 739 2426 sunt
758 2358 922 2440 haretici,
941 2367 982 2427 ut
999 2358 1092 2448 quod
1116 2360 1221 2427 ineis
1243 2357 1378 2427 malurn
1396 2359 1547 2449 ipsorum

503 2486 557 2541 est
583 2472 732 2542 velimus
762 2476 947 2567 corrigere,
979 2484 1016 2544 et
1046 2475 1139 2565 quod
1173 2475 1210 2542 in
1245 2475 1295 2544 eis
1330 2475 1464 2543 bonum
1497 2483 1550 2542 est

503 2586 635 2658 Christi
662 2589 814 2660 nolimus
835 2613 1034 2682 agnoscere.
1087 2589 1158 2659 Sed
1181 2590 1256 2680 jam
1285 2602 1421 2659 ceteras
1449 2589 1550 2679 hujus

503 2704 640 2773 concilii
660 2706 854 2776 sententias
872 2707 1146 2797 pertractandae,
1164 2705 1209 2774 ab
1230 2704 1299 2773 alio
1322 2706 1550 2796 suscipiemus

493 2822 659 2890 exordis.

556 2935 645 3005 Nou
672 2939 780 3005 simus
807 2938 944 3007 molesti
973 2937 1182 3029 legentibus,
1201 2939 1228 3004 si
1253 2937 1377 3005 eadem
1397 2938 1491 3005 varie
1512 2960 1549 3005 ac

350 3030 355 3040 ’
505 3077 595 3143 saepe
622 3054 832 3123 disserimus.
885 3055 1108 3143 Quamquam
1134 3054 1227 3121 enim
1251 3051 1411 3122 Ecclesia
1433 3052 1550 3121 catho-

505 3167 572 3237 lica
595 3179 716 3236 sancta
739 3171 774 3236 in
800 3170 962 3238 omnibus
988 3169 1153 3261 gentibus
1171 3169 1335 3236 adversus
1353 3190 1405 3247 ea,
1423 3190 1499 3257 quae
1518 3168 1549 3234 in

505 3287 572 3352 ista
590 3286 785 3373 quaestione
800 3285 843 3351 do
860 3285 1043 3375 baptisnm,
1058 3283 1193 3370 (utrum
1207 3293 1244 3351 et
1261 3284 1353 3374 apud
1372 3282 1550 3351 haereticos

505 3411 542 3467 et
560 3400 800 3468 schismaticos
819 3401 910 3467 idern
931 3402 1040 3490 possit
1055 3423 1129 3468 esse
1143 3400 1203 3490 qui
1217 3410 1271 3468 est
1289 3400 1324 3466 in
1341 3398 1550 3481 Catholica,)

504 3515 710 3585 nonnullam
731 3515 915 3607 caliginem
937 3515 1133 3594 offundunt,
1149 3515 1271 3605 priscae
1290 3513 1551 3582 consuetudinis

505 3640 542 3699 et
575 3631 719 3722 plenarii
752 3632 890 3700 concilii
923 3633 1133 3699 auctoritate
1169 3632 1305 3698 inunita
1335 3630 1402 3697 sit:
1434 3643 1551 3696 tamen

506 3746 673 3833 quianon
694 3747 961 3814 contemnendis
981 3747 1071 3826 viria,
1092 3756 1128 3813 et
1153 3746 1306 3813 maxime
1325 3743 1500 3834 Cypriane
1518 3743 1550 3808 iu

505 3863 579 3953 ipsa
609 3864 747 3929 unitate
778 3861 966 3951 aliquando
1001 3860 1104 3929 aliter
1135 3862 1245 3928 visum
1278 3871 1341 3938 est,
1372 3860 1472 3949 cujus
1501 3858 1550 3924 uti

505 3977 689 4045 adversum
711 4000 772 4045 nos
790 3979 1000 4045 auctoritate
1019 3989 1200 4057 currantur,
1218 3976 1276 4065 qui
1296 3974 1400 4065 longe
1418 3974 1462 4043 ab
1481 3975 1552 4063 ejus

506 4098 653 4164 caritate
673 4099 797 4165 remoti
817 4110 919 4176 sunt;
946 4104 1131 4187 propterea
1148 4094 1306 4184 cogimur
1324 4114 1368 4158 ex
1387 4100 1553 4180 opportu-

504 4211 617 4279 nitate
642 4214 813 4279 tnictaudi
845 4226 881 4279 et-
903 4210 1144 4279 crrrrsideraudi
1174 4209 1300 4283 omnia,
1320 4229 1397 4295 quire
1420 4206 1453 4272 in
1479 4204 1551 4292 ejus

916 4409 920 4427 ¹
941 4402 999 4472 [An
1016 4418 1107 4453 seruos
1118 4400 1146 4470 5']
