3900 5167
859 491 1167 556 DISPUTATIO.
1471 497 1535 558 145

487 662 670 734 nmmum
700 664 821 734 mortis
849 665 889 734 in
913 663 1036 747 litenis,
1056 664 1254 760 formatum
1280 666 1324 737 in
1354 662 1538 759 lapidibus,

477 775 621 870 foetum
637 788 687 849 est
703 779 741 848 in
753 777 880 876 ylorio,
900 781 968 851 ¹ito
984 789 1022 851 ot
1038 804 1108 851 non
1119 788 1260 874 possent
1278 778 1452 850 intendero
1458 778 1537 873 filii

486 890 609 963 Ieroi'l
629 893 818 989 infaciem
839 893 964 989 Moysi
982 905 1129 990 propter
1140 892 1290 992 ebriam
1316 892 1427 966 vultus
1453 895 1535 987 eyes,

486 1032 566 1101 qnoe
595 1008 830 1089 ‘destruetuv
867 1009 1034 1104 quomodo
1064 1034 1134 1081 noo
1163 1010 1273 1107 moyis
1303 1010 1533 1081 ministerium

485 1122 645 1218 Spiritus
662 1125 729 1195 etit
745 1125 784 1194 in
796 1122 945 1222 olenio?
968 1123 1015 1198 Si
1031 1125 1120 1195 enim
1139 1126 1370 1196 ministerium
1389 1126 1534 1197 domno·

486 1239 592 1308 tionis
612 1237 729 1336 ylario
753 1248 811 1323 est,
829 1238 935 1311 molto
959 1241 1070 1336 monis
1094 1238 1280 1311 abundabit
1302 1241 1534 1311 ministerium

475 1350 627 1442 jastitioe
660 1352 708 1422 od
735 1352 895 1450 ylooiom.
946 1352 1065 1448 Neque
1096 1355 1187 1424 enim
1212 1353 1443 1450 qlmnfieotom
1473 1364 1537 1440 est,

485 1467 578 1559 quod
588 1465 777 1564 qloriooum
787 1467 926 1564 sactum
951 1478 1000 1540 est
1022 1469 1061 1538 in
1077 1467 1269 1563 tecperto,
1285 1478 1427 1563 propter
1450 1493 1537 1558 eom,

485 1603 564 1675 quoe
589 1584 827 1677 supereminet,
844 1582 1018 1680 yloen‘om:
1045 1584 1079 1653 si
1102 1583 1194 1654 enim
1223 1583 1316 1678 qnod
1341 1584 1534 1656 destruetur

480 1719 546 1789 per
558 1696 708 1795 oloriom
732 1708 791 1782 est,
816 1696 932 1793 molto}
945 1699 1068 1796 moyis,
1092 1698 1185 1793 qood
1208 1709 1330 1782 monet,
1359 1700 1396 1770 in
1418 1699 1535 1796 ylorio

484 1820 543 1880 est.
592 1811 668 1882 Sed
685 1812 753 1883 hoo
770 1812 924 1904 quidem,
937 1814 1032 1883 siout
1048 1813 1122 1905 ipse
1140 1816 1243 1895 nosti,
1261 1815 1298 1882 in
1316 1815 1532 1884 secundani

485 1923 687 1997 Corinthios
703 1926 862 2019 epistola.
908 1926 1025 1997 Addit
1041 1936 1162 1997 autem
1178 1951 1223 1997 ex
1242 1929 1357 2019 primo
1374 1927 1533 2018 epistola,

483 2049 641 2112 terrenos
662 2063 738 2112 esse
760 2042 884 2112 dicens
902 2040 1092 2133 discipulos
1109 2042 1239 2112 veteris
1267 2043 1481 2124 testamenti,
1499 2053 1538 2114 et

484 2155 663 2238 animales,
681 2164 736 2226 'et
756 2156 836 2227 ideo
853 2179 995 2227 earnem
1013 2165 1051 2226 et
1068 2158 1280 2249 sanguinem
1298 2179 1447 2249 regnum
1465 2155 1536 2227 Dei

483 2272 663 2361 possidere
695 2295 767 2340 non
801 2294 914 2363 posse.
968 2268 1093 2363 Ipsum
1127 2293 1270 2362 quoque
1305 2269 1457 2341 Paulum
1488 2294 1535 2342 ex

481 2387 623 2477 propria
638 2409 702 2456 sua
717 2409 866 2478 persona
881 2385 1024 2456 dicebat
1045 2408 1200 2455 asserere
1223 2385 1259 2453 id
1284 2385 1376 2476 quod
1394 2386 1456 2466 ait,
1474 2383 1538 2458 ’Si

479 2523 527 2582 eo,
548 2524 628 2594 quoe
652 2500 963 2584 destruendamve
992 2499 1138 2592 cedifioo,
1154 2500 1458 2593 prevaricatorem
1485 2524 1538 2571 me

476 2616 614 2687 estimo
624 2641 637 2695 ,·
662 2617 723 2686 sed
741 2630 779 2687 et
795 2615 884 2686 illud
902 2616 1052 2686 eundem
1072 2614 1187 2705 ipsum
1205 2614 1471 2684 evidentissime
1490 2616 1534 2685 de

471 2730 594 2801 earnis
616 2730 871 2800 resurreetione
894 2730 1046 2808 dixisse;
1071 2736 1157 2796 ⁴n0n
1182 2750 1258 2798 esse
1275 2727 1453 2808 Judaeum,
1471 2730 1532 2820 qui

464 2841 508 2915 in
535 2844 727 2914 manifesto
750 2853 814 2926 est,
832 2865 949 2935 neque
974 2865 1052 2933 quae
1077 2843 1112 2911 in
1139 2842 1337 2923 manifesto,
1357 2844 1393 2910 in
1416 2866 1533 2927 earne,

462 2969 529 3030 est
567 2959 808 3041 circumcisio;
846 2979 963 3048 neque
997 2958 1195 3026 seeundum
1231 2956 1380 3039 literam,
1417 2957 1533 3050 legem

456 3074 668 3168 quiequam
685 3071 850 3143 utilitatis
866 3071 1039 3141 retinere:
1066 3070 1135 3141 ⁵Et
1152 3093 1293 3140 rursum
1312 3072 1407 3162 quod
1418 3070 1534 3142 Abro-

455 3184 560 3260 ham
577 3186 688 3257 habet
706 3187 864 3280 glottam,
883 3187 945 3256 sed
968 3209 1041 3255 non
1064 3186 1156 3277 apud
1178 3185 1319 3255 Deum:
1346 3183 1534 3256 ⁶Tantum-

453 3303 585 3375 modo
613 3303 830 3394 agnitionem
858 3301 996 3392 peceati
1022 3323 1086 3392 per
1113 3301 1231 3394 legem
1257 3300 1343 3369 fieri.
1396 3300 1467 3371 Sed
1494 3312 1533 3372 et

448 3422 543 3491 alia
572 3417 696 3498 muita,
723 3416 793 3509 legi
822 3415 1032 3495 obtrectans,
1060 3415 1246 3494 inserebat,
1274 3436 1317 3482 eo
1345 3415 1441 3504 quod
1469 3413 1529 3484 lex

451 3533 551 3627 ipsa
580 3537 769 3621 peecatum
795 3530 850 3611 sit,
878 3529 915 3598 in
944 3528 1073 3619 quibus
1100 3527 1278 3618 simplices
1305 3528 1448 3618 quique,
1479 3529 1532 3597 di·

449 3655 580 3718 cente
597 3667 650 3725 eo,
669 3644 923 3725 movebantur3
950 3648 1004 3712 ⁷et
1027 3664 1139 3733 usque
1160 3642 1205 3711 ad
1222 3641 1400 3713 Joannem
1418 3644 1528 3735 igitur

449 3762 593 3835 aiebat
622 3757 711 3841 ⁸lex,
737 3769 775 3829 et
804 3757 1006 3850 prophetae3
1037 3757 1172 3827 Aiebat
1200 3764 1321 3826 autem
1347 3755 1526 3827 Joannem

751 3997 764 4027 θ
780 3985 858 4042 infre
873 4005 935 4059 cap.
952 4003 1001 4056 42.
1016 3985 1112 4049 habet,
1126 3984 1257 4040 aboletur.

514 4188 632 4243 ¹E10d.
646 4185 745 4242 xxxiv.
760 4202 776 4256 3
780 4200 808 4261 5.
936 4193 945 4215 ¹
964 4204 975 4241 1
990 4186 1058 4242 Cor.
1073 4206 1120 4241 xv.
1137 4201 1185 4261 50.
1310 4186 1398 4242 ³Gal.
1413 4187 1440 4242 ii.
1460 4188 1504 4243 18.

516 4294 526 4321 ⁴
541 4285 623 4341 Rom.
637 4283 664 4339 ii.
682 4283 728 4339 28.
933 4288 941 4318 ³
958 4281 1030 4339 Ibid.
1045 4284 1081 4338 iv.
1099 4300 1125 4337 2.
1312 4280 1321 4309 ⁶
1337 4281 1408 4338 Ibid.
1423 4283 1460 4338 iii.
1478 4302 1526 4340 20.

518 4386 526 4416 ’
541 4381 609 4443 Luc.
624 4381 680 4435 xvi.
696 4380 741 4435 16.
871 4378 881 4408 ⁸
898 4379 976 4452 [For.
991 4378 1085 4453 legem
1101 4388 1129 4435 et
1143 4379 1319 4453 prophetes]

560 4495 626 4536 vos..
641 4496 671 4536 v.
989 4494 1010 4534 o
