3900 5167
747 459 1055 525 DisPUTATiO.
1365 455 1429 521 117

378 658 468 707 rare.
522 634 675 704 Rursum
690 639 822 704 'autem
846 632 919 716 ilie,
937 634 996 725 qui
1023 654 1161 724 semper
1184 629 1336 701 salvator
1361 641 1426 712 est,

379 751 486 821 Jesus
515 749 690 819 Dominus
719 759 839 820 noster
871 749 1072 831 adveniens,
1100 747 1262 817 liberavit
1292 769 1352 816 eos
1381 770 1426 817 ax

380 866 626 959 hujuscemodi
651 865 863 935 cruciatibus
888 862 986 956 legis,
1008 872 1116 954 atque
1141 861 1350 945 maledictis,
1368 865 1429 933 do·

381 1004 469 1051 nans
486 981 537 1052 eis
554 981 708 1072 injurius.
749 979 787 1049 N
789 1002 840 1061 ec,
856 981 947 1049 siout
966 978 1120 1071 Moyses,
1139 978 1327 1048 severitate
1343 998 1428 1048 usus
1485 969 1488 974 ’

381 1106 437 1166 est
463 1095 560 1190 legis,
586 1093 675 1164 nulli
702 1093 919 1187 indulgendo
944 1094 1128 1185 injuriam;
1155 1093 1217 1162 sed
1243 1092 1301 1162 hic
1324 1093 1426 1172 dixit,

383 1213 429 1282 ¹si
447 1211 525 1303 quis
551 1232 671 1302 passus
696 1210 843 1280 fuerita
863 1210 1024 1302 proximo
1041 1232 1104 1279 suo
1122 1209 1295 1300 injuriam,
1313 1207 1428 1277 indul-

382 1334 467 1419 geat
482 1347 553 1394 non
571 1322 681 1395 semel
698 1334 850 1406 tantum,
868 1324 930 1394 sed
948 1332 986 1393 et
1003 1346 1069 1393 nec
1094 1323 1257 1405 secundo,
1275 1345 1341 1393 nec
1359 1332 1429 1393 ter·

383 1441 444 1522 tio,
462 1462 524 1511 nec
547 1437 658 1510 solum
683 1440 814 1533 septies,
831 1438 892 1509 sed
915 1438 1138 1533 septuupesies
1163 1436 1305 1529 septies:
1333 1436 1426 1527 quod
1545 1409 1560 1431 ⁶

383 1556 412 1625 si
430 1564 510 1647 post
526 1555 600 1625 haec
617 1556 780 1647 injuriam
804 1554 1036 1647 permanserit
1052 1551 1246 1644 irrogando,
1265 1560 1350 1621 tunc
1368 1550 1429 1621 de·

382 1692 483 1740 mum
500 1668 569 1762 legi
587 1692 669 1740 eum
697 1670 826 1740 debere
852 1667 1081 1740 succumbere
1100 1666 1226 1759 Moysi,
1243 1688 1309 1736 nec
1335 1664 1429 1736 ultra

322 1822 328 1834 ·
384 1787 524 1856 veniam
550 1786 625 1854 dari
648 1787 694 1870 ei,
716 1787 775 1876 qui
807 1787 842 1855 in
866 1784 1002 1875 injuriis
1026 1791 1235 1875 perseverat,
1255 1804 1338 1852 cum
1361 1781 1428 1851 sibi
1458 1780 1469 1803 ⁰

384 1901 622 1993 septuagesies
656 1900 786 1991 septies
815 1899 923 1969 fuerit
952 1896 1141 1967 indultum.
1195 1897 1280 1968 Non
1314 1895 1428 1966 solum

384 2028 505 2089 autem
522 2018 617 2100 huic,
634 2019 695 2088 sed
713 2019 822 2089 etiam
836 2020 866 2089 si
882 2019 961 2109 quis
975 2017 1066 2087 Filio
1083 2016 1235 2087 hominis
1251 2015 1430 2087 intulisset

383 2135 558 2227 injurium,
588 2136 726 2205 veniam
758 2134 866 2204 dedit.
918 2132 957 2203 Si
989 2156 1073 2203 vero
1104 2132 1252 2224 Spiritui
1286 2131 1429 2213 Sancto,

344 2291 346 2294 -
384 2248 523 2319 duobus
540 2272 622 2319 eum
648 2249 805 2320 subdidit
829 2247 1039 2332 maledictis,
1057 2249 1092 2318 id
1111 2256 1167 2319 est
1184 2247 1303 2341 Moysi
1329 2246 1428 2341 legis,

384 2373 421 2432 et
437 2385 530 2445 suae3
557 2364 674 2456 Moysi
691 2364 835 2455 quidem
861 2363 898 2431 iu
924 2364 1186 2454 praesentimus
1212 2362 1354 2431 veroin
1370 2361 1430 2452 ju·

384 2479 467 2548 dicii
485 2489 666 2570 tempore3
687 2481 739 2550 ait
756 2481 850 2548 enim
869 2480 928 2560 ita,
947 2476 1084 2571 'Neque
1099 2479 1138 2547 iu
1155 2475 1218 2547 doc
1234 2473 1355 2558 seculo,
1373 2498 1430 2545 nc·

384 2615 448 2687 que
465 2590 640 2687 infuturo
655 2592 903 2662 remitteturei.
954 2591 1072 2685 Moysi
1091 2614 1174 2684 ergo
1192 2590 1253 2661 lex
1270 2599 1335 2672 est,
1353 2613 1430 2681 quae

384 2709 600 2801 inpraesenti
626 2707 745 2777 seculo
762 2706 851 2776 nulii
870 2707 1009 2777 veniam
1027 2707 1172 2788 tribuit3
1198 2705 1329 2775 Christi
1348 2728 1430 2776 vero

384 2832 449 2903 est,
467 2846 545 2915 quae
562 2824 770 2893 vindicatio
793 2822 923 2893 futuro.
978 2821 1035 2891 Ex
1061 2821 1128 2891 hoc
1151 2822 1291 2891 intuere
1308 2843 1431 2913 quern·

384 2939 576 3036 admodum
602 2938 786 3009 confirmat
812 2937 940 3030 legem,
958 2960 1028 3006 non
1054 2937 1168 3007 solum
1194 2959 1265 3006 non
1292 2936 1431 3009 solvens

385 3076 474 3135 eam,
492 3054 554 3124 sed
572 3053 732 3146 implens.
785 3053 954 3123 Redemit
971 3076 1055 3145 ergo
1073 3075 1132 3123 eos
1149 3052 1194 3122 ab
1211 3075 1264 3135 eo,
1282 3055 1374 3144 quod
1392 3054 1430 3124 in

384 3171 548 3262 praesenti
565 3172 718 3262 positum
738 3178 823 3249 erat,
842 3168 1031 3238 maledicto
1049 3167 1149 3261 legis,
1166 3190 1212 3238 ex
1233 3191 1302 3259 quo
1316 3166 1431 3239 Mule-

385 3283 514 3355 dietum
531 3281 615 3380 bepis
631 3282 847 3376 appellatum
865 3291 930 3351 est.
983 3280 1075 3352 Haec
1101 3284 1214 3352 omnis
1234 3281 1339 3374 hujus
1360 3304 1431 3353 ser-

385 3399 500 3469 monis
517 3407 572 3469 est
592 3399 692 3469 ratio.
744 3397 818 3467 Cur
833 3407 953 3467 autem
970 3405 983 3443 ³
999 3395 1116 3467 Virtus
1131 3397 1261 3489 pcccati
1277 3396 1432 3468 dictauit

385 3512 452 3596 les,
470 3536 535 3606 pro
552 3512 683 3583 viribus
709 3513 836 3582 nostris
861 3511 1017 3581 breviter
1034 3533 1262 3603 exponemus.
1314 3510 1431 3603 Scrip-

385 3639 462 3699 tum
482 3638 537 3697 est
554 3629 659 3711 enim,
676 3626 893 3719 ⁴Quiajustc
910 3624 967 3697 leur
983 3650 1053 3697 non
1082 3634 1130 3696 est
1150 3626 1275 3721 posite,
1293 3624 1354 3695 sed
1377 3626 1432 3696 iu·

354 3744 495 3834 justis,
512 3751 543 3813 et
565 3765 634 3813 uon
657 3740 809 3824 subditis,
829 3741 957 3835 impiis,
975 3750 1007 3811 et
1029 3739 1184 3811 scelestis.
1239 3740 1323 3809 Non
1347 3764 1432 3834 ergo

386 3866 462 3927 erat
479 3866 566 3926 tunc
583 3856 643 3927 lex
660 3856 774 3926 literae
791 3858 906 3950 posita
922 3855 1208 3948 delinquentibus
1225 3863 1308 3925 ante
1328 3854 1433 3950 Moy-

387 3993 458 4053 sen,
477 3971 572 4041 unde
590 3981 627 4041 et
645 3970 781 4042 Pharao
799 3972 962 4063 ignorans
976 3972 1142 4039 virtutem
1161 3971 1307 4061 peccati,
1321 3968 1432 4040 delin-

389 4086 518 4176 quebat
540 4086 697 4179 affligens
723 4087 861 4177 injustis
883 4086 1047 4155 oneribus
1064 4084 1154 4153 iiiios
1172 4083 1289 4164 Isra‘e'i
1308 4084 1433 4154 divini-

461 4307 467 4328 ¹
483 4302 557 4357 Mat.
572 4302 644 4359 xviii.
658 4321 706 4359 21.
790 4302 887 4357 'Mat
902 4302 952 4356 xii.
968 4318 1017 4372 32.
1104 4306 1112 4334 ³
1131 4317 1142 4355 1
1164 4300 1230 4354 Cor.
1246 4317 1293 4354 xv.
1311 4298 1357 4371 56.

820 4408 829 4435 ⁴
848 4417 857 4453 1
876 4398 949 4454 Tim.
966 4398 982 4453 i.
999 4418 1026 4472 9.
