3900 5167
524 300 590 361 248
892 299 923 359 S.
942 297 1213 361 AUGUSTINI

525 481 660 541 ettam
686 471 800 540 multa
827 472 981 563 ipsorum
1000 478 1166 562 ⁸operum
1198 471 1292 540 intus
1321 477 1507 561 tamquam
1536 470 1572 539 in

525 586 626 679 palea
649 590 854 668 tolerantur,
872 597 909 656 et
927 599 1047 656 tamen
1073 609 1183 655 unum
1211 585 1389 678 baptisma
1410 586 1573 657 omnibus

525 714 591 786 est,
610 705 703 795 quod
722 702 820 772 nullo
836 703 1033 793 iniquitatis
1049 725 1155 794 opere
1174 701 1333 772 violatur.

363 819 475 880 ΟΜ(
579 818 789 889 Vincentius
806 841 827 887 a
843 818 985 887 Thibari
1004 817 1116 887 dixit:
1143 814 1338 887 Haereticas
1357 817 1488 887 scimus
1504 840 1572 888 ease

518 934 663 1028 pejores,
681 959 782 1029 qaam
805 932 965 1004 ethnicas.
1016 932 1061 1005 Si
1081 934 1235 1005 conversi
1255 932 1303 1004 aal
1316 931 1434 1004 Deum
1457 936 1572 1006 amira

524 1049 702 1133 valuerint,
725 1049 846 1120 labant
870 1052 987 1144 utiquc
1009 1048 1161 1146 rapulam
1187 1048 1352 1131 ueritatis,
1376 1072 1481 1144 quam
1499 1048 1572 1120 Do-

472 1261 475 1264 *
524 1166 639 1238 minos
666 1176 840 1261 praccepta
869 1164 987 1236 divino
1020 1163 1196 1235 mandavit
1224 1162 1414 1259 Apostolir,
1445 1164 1569 1247 dicem,

362 1294 498 1343 Muruxvi-
524 1281 587 1366 Ite,
606 1284 643 1352 ia
661 1283 798 1352 nomina
821 1304 893 1352 aneo
916 1305 1054 1351 manum
1079 1280 1252 1375 imponite,
1270 1278 1443 1351 daemonia
1461 1279 1571 1375 capel·

362 1372 454 1502 llam
525 1396 593 1467 lite.
645 1397 694 1469 Et
711 1396 781 1468 alio
797 1395 881 1480 laco,
897 1394 961 1477 Ite,
980 1404 1011 1466 et
1033 1394 1145 1466 docete
1165 1403 1289 1492 pentes,
1309 1396 1500 1492 tinpuentes
1516 1419 1570 1467 aas

361 1504 445 1537 ¹¹⁹¹¹¹'
461 1503 498 1553 ¹⁹·
526 1514 564 1582 ia
591 1514 729 1584 nomine
750 1511 874 1582 Patris
900 1520 931 1582 at
951 1510 1044 1583 Filii
1066 1520 1097 1581 at
1118 1509 1276 1605 Spiritus
1300 1514 1423 1582 sancti.
1475 1511 1570 1608 Erpa

429 1627 430 1630 ’
517 1626 638 1719 primo
653 1649 721 1719 per
737 1649 859 1694 manas
876 1624 1127 1718 impositimaem
1149 1625 1186 1694 iu
1205 1626 1407 1708 eaorcisma,
1423 1625 1570 1697 secundo

517 1764 585 1834 per
605 1739 764 1834 baptismi
785 1741 1083 1836 acprocrationem,
1106 1750 1187 1811 tam
1200 1749 1346 1834 possunt
1367 1740 1416 1811 ad
1437 1740 1571 1815 Christi

520 1855 801 1951 pollicitationem
828 1856 965 1935 amiro5
991 1854 1079 1925 alias
1105 1865 1216 1927 autom
1231 1856 1319 1950 fieri
1340 1852 1477 1928 bceramo
1503 1880 1568 1928 aas

524 1971 650 2044 delere.
1368 1978 1370 1982 ’

576 2088 632 2159 Ex
651 2114 721 2182 qua
738 2090 859 2184 regula
876 2092 971 2161 dicat
995 2091 1177 2162 haeretieos
1201 2092 1337 2184 pejores
1362 2114 1439 2162 esse
1465 2114 1567 2183 quem

525 2205 696 2288 ethnicos,
731 2207 876 2288 nesei03
915 2230 996 2276 cum
1032 2205 1207 2278 Dominus
1241 2208 1345 2289 dieat,
1381 2205 1421 2277 Si
1456 2230 1570 2299 neque

361 2294 428 2326 'mn'
469 2311 475 2325 ’
526 2319 720 2390 Ecclesiam
755 2321 916 2402 audierit,
947 2323 993 2391 sit
1023 2322 1088 2391 tibi
1123 2330 1303 2414 tamquam
1338 2321 1504 2392 ethnicus
1533 2332 1568 2392 et

525 2437 741 2527 publicanus.
794 2438 853 2507 An
872 2439 979 2507 etiam
999 2438 1061 2507 tali
1079 2438 1263 2509 haereticus
1280 2438 1380 2530 pejor
1395 2437 1476 2509 esti
1503 2436 1568 2507 Ni-

524 2551 574 2621 hil
606 2554 750 2621 resisto:
778 2576 847 2621 non
879 2564 999 2622 tamen
1029 2564 1215 2645 propterea
1245 2554 1327 2644 quia
1357 2555 1432 2646 ipse
1463 2554 1567 2623 homo

523 2668 622 2759 pejor
639 2678 693 2736 est
711 2667 865 2750 ethnico,
884 2668 919 2736 id
941 2679 1006 2749 est,
1024 2667 1149 2762 gentili
1167 2679 1274 2760 atque
1292 2692 1440 2762 pagano,
1458 2693 1568 2741 secra·

523 2794 682 2851 mentum
703 2786 810 2852 etiam
829 2783 959 2853 Christi
984 2786 1011 2853 si
1036 2786 1127 2876 quod
1154 2785 1270 2866 habet,
1290 2786 1384 2854 vitiis
1402 2788 1478 2876 ejus
1496 2810 1567 2855 mo-

522 2897 689 2988 ribusque
708 2899 884 2976 miscetur,
903 2908 940 2968 et
962 2899 1086 2968 eadem
1110 2899 1345 2990 permixtione
1363 2908 1565 2991 corruptum

523 3015 624 3105 perit.
677 3014 772 3083 Nam
791 3024 828 3083 et
846 3014 896 3082 illi
915 3016 974 3105 qui
993 3015 1164 3084 recedunt
1181 3015 1225 3083 de
1241 3014 1408 3096 Ecclesia,
1423 3024 1461 3085 et
1479 3014 1566 3083 liunt

523 3127 692 3197 haeresum
717 3153 785 3196 non
805 3138 944 3197 tantum
969 3139 1171 3214 sectatores,
1190 3130 1249 3198 sed
1272 3131 1379 3199 etiam
1408 3129 1566 3198 eondito-

523 3266 587 3322 res,
605 3246 633 3313 si
654 3245 729 3334 jam
757 3244 923 3335 baptizati
947 3246 1128 3326 recedunt,
1146 3268 1226 3314 cum
1250 3246 1444 3313 secundum
1463 3244 1565 3313 istam

522 3361 679 3452 regulam
711 3362 845 3451 peiores
879 3363 950 3430 sint
980 3362 1139 3443 ethnicis,
1169 3362 1300 3431 habent
1331 3372 1451 3430 tamon
1483 3363 1566 3453 bap·

522 3477 644 3546 tisma:
673 3499 754 3545 nam
773 3478 801 3544 si
820 3478 965 3545 correcti
987 3478 1141 3557 redeant,
1160 3500 1228 3545 non
1247 3477 1445 3567 accipiunt3
1473 3476 1565 3567 quod

522 3593 550 3661 si
569 3594 774 3672 amisissent,
794 3593 916 3682 utique
933 3593 1143 3684 acciperent.
1190 3592 1313 3661 Potest
1331 3615 1415 3686 ergo
1433 3594 1509 3662 fieri
1528 3602 1567 3662 ut

521 3706 645 3799 uliquis
663 3711 762 3800 pejor
778 3709 823 3775 sit
841 3706 994 3787 ethnico,
1008 3716 1045 3776 et
1059 3718 1176 3777 tamen
1196 3708 1231 3776 in
1250 3730 1293 3777 eo
1307 3707 1438 3777 Christi
1457 3731 1567 3777 sacra-

564 4007 579 4038 fl
593 3997 678 4064 Editi,
694 3998 812 4071 ipsarum
827 4015 916 4070 opera.
950 3997 987 4051 At
1002 3994 1091 4050 MSS.
1107 3995 1225 4069 ipsarum
1240 4013 1358 4070 operum.
1393 3995 1496 4066 (Deest
1511 4015 1564 4052 vox

523 4112 631 4167 operum
645 4094 672 4148 in
689 4091 755 4147 MS.
772 4111 835 4148 meo
850 4093 961 4156 altero.)

563 4190 575 4225 ¹¹
591 4190 716 4246 Verbum
732 4209 822 4245 censeo
838 4190 916 4246 abest
931 4208 947 4244 a
961 4188 1051 4245 MSS.
1096 4188 1210 4259 (Itidem
1225 4209 1240 4245 u
1256 4189 1347 4259 meis.)
