3900 5167
827 453 1137 520 DlSPUTATIO.
1461 458 1504 525 77

454 629 534 721 ipse
558 628 596 696 in
620 626 677 696 his
701 628 832 719 puriter
851 627 1077 699 cruciabitur.
1128 625 1236 698 ¹Non
1258 629 1327 701 ists
1344 631 1504 703 sentiatis

456 744 661 834 quicunque
686 741 809 812 salutis
833 753 957 812 restrae
983 764 1100 813 curum
1127 743 1272 836 geritis?
1298 745 1503 839 exemplum

456 860 556 929 enim
573 857 671 928 robis
688 858 814 941 dicam,
831 868 874 928 ut
892 857 1031 950 plenius
1047 856 1264 950 intelligetis.
1301 857 1426 931 Unum
1443 884 1503 933 ros
1555 841 1560 853 ⁴

455 982 513 1043 est
538 974 714 1056 mundus3
738 970 854 1066 'quod
881 971 950 1044 Dei
981 974 1179 1045 substantio
1206 982 1323 1044 totum
1349 975 1417 1047 hoc
1442 999 1504 1048 vus

454 1085 619 1178 replevit,
645 1088 821 1178 quomodo
840 1089 917 1179 jam
942 1095 1061 1179 potest
1092 1088 1127 1155 iu
1162 1088 1238 1179 ipso
1264 1110 1343 1159 ruse
1369 1089 1502 1181 aliquid

455 1200 609 1293 amplius
629 1202 776 1294 reponi?
802 1201 840 1273 Si
866 1202 1043 1295 repletum
1061 1213 1124 1285 est,
1143 1205 1319 1295 quomodo
1337 1207 1505 1295 suscipiet

455 1315 553 1405 quod
580 1316 733 1408 ponitur,
763 1318 831 1387 nisi
855 1327 1047 1389 evacuetur
1076 1318 1121 1387 de
1149 1339 1231 1387 ruse
1258 1340 1337 1409 pers
1361 1317 1503 1411 ulique?

454 1426 553 1500 'Aut
570 1454 640 1523 quo
656 1432 825 1524 proficiet,
843 1434 938 1524 quod
955 1432 1197 1517 evacuabitur,
1214 1455 1295 1503 cum
1318 1432 1415 1504 locus
1432 1458 1502 1505 non

454 1545 527 1616 sit?
554 1545 627 1617 Ubi
640 1547 832 1618 terruiubi
852 1546 1001 1619 caelum?
1027 1548 1089 1618 ubi
1101 1548 1268 1641 abyssus?
1291 1548 1352 1620 ubi
1366 1550 1503 1621 stellaei

454 1661 518 1731 ubi
541 1660 679 1733 ‘sederi
705 1662 1001 1734 ubiPotestates?
1032 1664 1094 1734 ubi
1109 1662 1314 1756 Principes?
1330 1664 1390 1735 ubi
1402 1674 1502 1736 teue-

456 1776 530 1846 brae
541 1777 752 1849 exteriores?
766 1780 845 1870 quis
855 1787 910 1848 est
920 1778 981 1869 qui
994 1778 1120 1848 horum
1133 1780 1250 1870 posuit
1261 1780 1501 1877 fundamenta,

456 1898 494 1959 et
508 1890 594 1961 ubi?
623 1890 709 1962 Non
725 1900 843 1984 potest
859 1891 986 1983 uliquis
1003 1892 1129 1974 dicere,
1149 1892 1214 1962 uisi
1233 1892 1323 1963 forte
1342 1892 1501 1985 blesphe-

455 2015 542 2075 met.
594 2005 781 2089 Quomodo
806 2017 927 2077 sutem
953 2019 991 2077 et
1013 2007 1165 2077 condere
1190 2008 1307 2100 potuit
1324 2018 1501 2080 creaturus

455 2145 527 2193 nou
549 2123 761 2194 subsistente
778 2123 948 2194 muteris?
975 2124 1003 2194 si
1022 2125 1117 2194 enim
1135 2124 1179 2194 de
1197 2146 1267 2193 non
1285 2123 1500 2207 extantibus,

455 2248 694 2331 consequetur
718 2240 806 2310 cbus
832 2239 987 2310 visibiles
1018 2248 1194 2309 creaturos
1223 2238 1387 2310 meliores
1411 2263 1500 2327 esse,

455 2362 493 2422 et
510 2354 675 2426 omnibus
692 2354 881 2425 virtutibus
907 2353 1036 2446 plenas.
1089 2353 1194 2437 Quod
1219 2355 1247 2425 si
1274 2353 1410 2425 melitis
1435 2365 1500 2439 est,

454 2479 493 2539 et
516 2492 612 2540 mors
636 2472 674 2540 in
694 2472 755 2552 eis,
773 2478 812 2540 et
828 2472 1016 2563 corruptio,
1034 2485 1072 2540 et
1095 2471 1225 2562 siquid
1252 2470 1345 2540 bono
1362 2480 1501 2542 contru-

454 2588 547 2655 rium
566 2595 641 2669 est;
666 2589 844 2679 quomodo
861 2610 907 2657 ex
923 2586 993 2657 ulia
1010 2595 1136 2656 natura
1152 2584 1263 2657 fuctus
1280 2608 1356 2657 esse
1373 2609 1431 2657 ees
1449 2589 1501 2658 di·

453 2703 594 2773 cimus?
614 2702 654 2774 Si
672 2726 754 2773 vero
771 2703 999 2774 consideretis
1012 2703 1190 2795 quomodo
1205 2711 1421 2796 generentur
1437 2703 1500 2774 filii

452 2818 650 2902 bominum,
683 2819 871 2890 invenietis
904 2842 975 2889 non
1010 2841 1087 2889 esse
1122 2817 1316 2888 Dominum
1348 2818 1501 2891 bominis

453 2943 674 3016 creatorem
702 2933 763 3004 sed
789 2933 990 3026 alium,qui
1014 2935 1148 3025 etipse
1173 2934 1338 3027 ingenitos
1359 2943 1414 3005 est
1439 2958 1501 3005 ns-

454 3057 554 3133 turae,
576 3050 675 3141 cujus
700 3050 862 3120 conditor
887 3048 1016 3129 nuilus,
1043 3069 1107 3116 uec
1133 3056 1278 3127 creator,
1297 3070 1363 3117 neo
1388 3048 1501 3119 factor

453 3177 519 3248 est,
544 3168 608 3238 sed
633 3166 707 3237 sols
731 3165 868 3236 malitis
892 3187 955 3235 suo
980 3163 1090 3234 telem
1114 3186 1196 3233 eum
1220 3163 1378 3255 protulit.
1430 3163 1500 3236 Est

453 3285 565 3378 igitur
598 3283 697 3354 vobis
734 3281 935 3353 hominibus
968 3281 1177 3352 commixtio
1216 3303 1297 3350 cum
1331 3280 1500 3351 uxoribus

453 3397 580 3467 vestris
597 3397 643 3467 ds
667 3394 909 3486 hujuscemodi
927 3394 1109 3464 occasione
1126 3393 1354 3464 descendeus.
1406 3394 1498 3464 Cum

453 3513 532 3605 quis
551 3520 707 3581 restrum
725 3508 922 3579 carnalibus
939 3508 1086 3599 aliisque
1104 3507 1191 3578 cibis
1216 3508 1324 3577 fuerit
1341 3510 1498 3592 satiatus,

453 3638 541 3699 tuuc
565 3630 598 3698 ei
616 3626 908 3719 concupiscentius
934 3624 1093 3695 oboritur
1112 3625 1282 3705 incitatio,
1301 3634 1338 3694 et
1364 3626 1415 3696 its
1439 3650 1499 3720 ge·

453 3745 600 3816 uerendi
626 3744 689 3813 filii
715 3742 851 3813 fructus
877 3751 1035 3835 augetur,
1054 3749 1095 3809 ut
1121 3764 1190 3809 nou
1212 3764 1258 3811 ex
1279 3743 1411 3812 virtute
1435 3742 1499 3812 uli-

452 3884 533 3953 que,
551 3883 619 3930 neo
644 3883 689 3929 ex
715 3858 943 3951 philosophis,
961 3880 1027 3928 neo
1045 3879 1090 3927 ex
1114 3855 1184 3927 alio
1202 3856 1274 3926 ullo
1292 3857 1499 3941 intellectu;

451 3978 515 4048 sed
535 4000 580 4045 ex
604 3975 679 4046 sols
695 3975 853 4045 ciborum
871 3974 1045 4055 sotietate,
1064 3982 1101 4042 et
1121 3972 1279 4055 libidine,
1297 3981 1335 4043 et
1352 3973 1500 4044 fornicu-

671 4180 732 4236 cIn
747 4179 843 4235 codice
858 4177 1006 4235 Cusinensi
1021 4186 1073 4241 est,
1089 4184 1295 4249 consequentem.

497 4305 503 4326 ¹
521 4296 600 4369 [For.
617 4295 677 4352 sine
691 4293 912 4370 interrogatione
925 4291 1103 4366 legendum]
1192 4294 1201 4317 ¹
1217 4288 1295 4359 (For.
1311 4291 1418 4363 quodsi
1431 4291 1496 4362 Dei,

445 4403 489 4449 lut
502 4413 574 4469 saepe
586 4393 684 4465 infre]
803 4398 811 4427 ¹
830 4391 910 4463 [For.
926 4389 989 4461 Ar]
1089 4393 1099 4421 ⁴
1115 4387 1151 4462 [F
1153 4405 1193 4442 or.
1209 4388 1322 4459 sideru]
