3900 5167
816 463 1124 529 DISPUTATIO.
1434 460 1498 524 14³

452 637 606 730 aliquem
634 636 793 707 inclinari
821 639 998 729 potuerim
1029 660 1179 718 sensum,
1207 648 1326 707 tamen
1356 647 1499 729 propter

451 754 628 845 simplices
652 776 821 846 quosque,
840 763 910 823 toae
939 756 1159 824 auctoritatis
1185 752 1388 845 compulsus
1418 776 1498 825 sum

450 869 638 962 implorare
654 892 864 939 sermonem.
916 869 971 939 Re
988 892 1071 939 vera
1090 870 1185 939 enim
1204 870 1256 938 vir
1273 868 1375 940 valde
1393 869 1499 939 vehe-

450 1007 550 1055 mens
568 994 642 1053 tam
660 1007 831 1067 sermone,
849 1007 955 1076 quam
973 1007 1090 1077 opere,
1107 985 1169 1053 sed
1187 992 1225 1054 et
1247 996 1392 1077 aspectu
1410 985 1499 1078 ipso,

450 1111 559 1191 atque
576 1098 701 1169 habitu
721 1108 877 1192 apparet.
929 1098 1002 1169 Sed
1029 1110 1066 1169 et
1092 1123 1203 1191 pauca
1228 1090 1402 1191 quaedam,
1421 1123 1499 1192 quae

451 1216 604 1285 retinere
621 1236 761 1306 possum
779 1237 825 1283 ex
843 1214 894 1296 iis,
911 1238 994 1306 quae
1017 1216 1062 1285 ab
1085 1238 1129 1285 eo
1155 1216 1250 1285 dicta
1275 1225 1367 1297 sunt
1385 1216 1499 1286 scribo

451 1330 529 1411 tibi,
542 1328 656 1397 sciens
674 1328 756 1419 quia
772 1351 818 1397 ex
836 1329 878 1399 iis
894 1330 1004 1399 etiam
1023 1329 1158 1421 reliqua
1175 1330 1362 1423 intelliges.
1392 1329 1498 1401 Nosti

452 1445 534 1536 quia
550 1466 686 1513 morem
703 1442 799 1514 hunc
812 1443 954 1526 habent
966 1445 1026 1536 qni
1041 1446 1170 1538 dogma
1187 1445 1328 1537 aliquod
1346 1468 1500 1517 asserere

452 1558 588 1640 volunt,
608 1567 650 1627 ut
675 1581 894 1649 quaecunque
917 1557 1094 1629 voluerint
1119 1560 1163 1630 de
1189 1560 1380 1653 Scripturia
1405 1583 1500 1632 assu-

452 1696 560 1756 mere,
591 1672 665 1743 haec
699 1674 904 1765 propensius
938 1675 991 1744 sui
1025 1674 1262 1768 intelligentia
1295 1676 1499 1769 depravent.

453 1789 525 1860 Sed
552 1788 621 1859 hoc
649 1790 863 1880 praeveniens
881 1787 1110 1881 Apostolicus
1135 1793 1283 1862 denotat
1307 1816 1423 1863 sermo
1448 1794 1501 1863 di-

453 1926 545 1986 cens,
566 1901 625 1975 'Si
649 1903 727 1997 quis
751 1900 843 1973 vobis
865 1903 1123 1973 annuntiaverit
1147 1913 1278 1997 practer
1293 1903 1386 1998 qood
1409 1928 1502 1976 occe-

448 2019 564 2114 pistis,
582 2015 762 2088 anathemo
777 2017 834 2087 sit.
886 2016 1014 2108 Itaque
1034 2025 1113 2108 post
1130 2016 1215 2097 haeo,
1232 2039 1310 2108 quae
1327 2017 1436 2087 semel
1455 2020 1500 2090 ab

454 2132 638 2226 Apostolis
663 2132 794 2202 tradita
818 2140 912 2214 sunt,
929 2128 1025 2200 ultra
1049 2153 1119 2200 non
1145 2140 1287 2222 oportet
1312 2131 1501 2223 quicquam

454 2250 550 2320 aliud
576 2249 752 2337 suscipere
775 2247 986 2338 discipulum
1005 2244 1146 2317 Christi.
1198 2246 1334 2317 Verum
1360 2270 1502 2317 neser·

454 2387 599 2437 monem
634 2363 772 2457 longius
807 2362 1020 2454 protraham,
1050 2362 1095 2431 ad
1129 2364 1347 2454 propositum
1381 2364 1500 2433 redeo.

457 2482 592 2574 Legem
618 2479 745 2573 Moysi,
770 2488 810 2549 ut
840 2480 995 2550 breviter
1019 2478 1147 2561 dinam,
1174 2479 1314 2549 dicebat
1343 2479 1401 2549 hic
1429 2502 1500 2549 non

456 2619 531 2668 esse
550 2596 619 2665 Dei
636 2595 731 2676 boni,
748 2594 810 2664 sed
827 2593 971 2686 maligni
992 2592 1174 2686 Principis,
1192 2617 1258 2665 nec
1274 2595 1404 2666 habere
1422 2616 1501 2665 eam

457 2710 644 2801 quicquam
667 2708 886 2801 cognationis
907 2709 951 2778 ad
971 2730 1103 2808 novam
1128 2708 1243 2801 legem
1261 2708 1414 2790 Christi;
1439 2709 1501 2778 sed

457 2847 533 2895 esse
550 2824 760 2894 contrariam
779 2833 817 2893 et
834 2823 1025 2906 inimicam,
1043 2822 1189 2893 alteram
1212 2823 1312 2894 alteri
1331 2824 1505 2893 obsisten-

456 2949 541 3008 tem.
594 2939 671 3033 Ego
695 2939 851 3020 audiens,
870 2939 1030 3009 dicebam
1052 2940 1103 3009 eia
1125 2962 1323 3010 sermonem
1342 2939 1504 3033 Evange-

458 3054 578 3136 licum,
604 3055 782 3146 quomodo
809 3054 900 3123 dixit
927 3054 1102 3125 Dominus
1129 3054 1369 3127 nosterJesus
1386 3054 1504 3125 Chris·

457 3180 525 3250 tus,
543 3167 642 3239 ’Non
658 3169 736 3240 ocni
751 3166 878 3240 solvere
894 3166 1007 3264 legem,
1025 3168 1086 3239 sed
1101 3166 1298 3262 adimplere.
1334 3168 1403 3238 Ille
1421 3192 1504 3239 vero

457 3287 517 3366 ait,
538 3308 761 3379 nequaquam
788 3308 871 3354 eum
899 3284 995 3354 hunc
1021 3285 1151 3355 dixisse
1177 3308 1395 3367 sermonem3
1421 3308 1505 3355 cum

457 3402 552 3471 enim
583 3402 694 3492 ipsam
722 3400 942 3470 inveniamus
969 3423 1052 3470 eum
1084 3399 1264 3470 resolvisse
1291 3401 1417 3493 legem,
1444 3421 1506 3470 ne·

458 3540 554 3587 cesse
572 3528 627 3588 est
644 3539 707 3586 nos
727 3516 794 3585 hoc
812 3516 929 3606 potius
946 3515 1154 3609 intelligere,
1174 3516 1266 3607 quod
1286 3516 1381 3585 fecit.
1433 3515 1506 3585 De-

458 3631 540 3701 inde
566 3631 674 3722 coepit
700 3631 817 3700 dicere
842 3630 994 3721 plurima
1020 3653 1065 3700 ex
1092 3630 1182 3723 iege,
1199 3630 1314 3699 multa
1333 3630 1441 3700 etiam
1461 3631 1506 3701 de

461 3744 665 3839 Evangelio,
695 3753 733 3814 et
763 3744 939 3836 Apostolo
975 3744 1097 3826 Paulo,
1129 3768 1210 3836 quae
1243 3746 1310 3815 sibi
1341 3746 1506 3815 videntur

460 3885 533 3933 esse
559 3862 744 3942 contraria,
768 3884 846 3952 quae
872 3861 979 3930 etiam
1006 3883 1087 3930 cum
1113 3862 1241 3931 fiducia
1267 3861 1396 3943 dicens,
1416 3862 1505 3932 nihil

461 3976 698 4069 pertimescit;
723 3977 829 4046 oredo
841 3976 936 4067 quod
953 3975 1084 4046 habeat
1101 3976 1297 4067 adjutorem
1317 3979 1505 4047 draconem

462 4092 572 4172 ilium,
589 4093 648 4183 qui
672 4092 772 4160 nobis
798 4114 936 4183 semper
956 4092 1117 4161 inimicus
1135 4104 1199 4162 eat.
1252 4092 1404 4165 Dicebat
1421 4116 1505 4186 ergo

708 4363 793 4419 ¹0³1.
808 4364 826 4418 i.
843 4363 869 4417 a.
1059 4363 1155 4418 ¹Mat.
1173 4383 1198 4417 v.
1217 4377 1262 4437 17.
