3900 5167
667 445 911 511 RESPONSA
933 447 1002 510 AD
1024 447 1287 512 EPISCOPOS.
1431 449 1497 517 ult

449 625 551 687 tatem
567 616 713 711 spiritns
736 618 774 687 in
797 617 1031 710 conjunctione
1053 620 1176 712 pacis:
1204 643 1309 689 unam
1326 643 1449 714 corpas
1466 630 1497 691 et

449 756 540 802 anns
556 733 712 826 spiritns
729 733 818 803 sicrct
833 733 943 803 vocati
965 736 1045 803 estis
1071 736 1109 805 in
1132 758 1202 804 arm
1227 759 1285 828 spe
1310 738 1495 806 vocationis

449 856 593 926 vestrm:
623 871 712 917 unns
741 846 926 929 Dominus,
957 872 1027 920 nna
1050 850 1153 943 fides,
1180 874 1285 920 unum
1316 850 1494 945 baptisma,

450 985 540 1032 unns
556 961 663 1033 Deus.
714 960 805 1034 Haec
829 965 944 1033 omnia
963 962 1118 1035 Ecclesia
1143 963 1308 1037 catholica
1333 964 1494 1059 loquitur.

450 1076 501 1147 Et
529 1079 651 1148 itonam
683 1080 721 1148 in
747 1075 936 1174 annqelio
965 1077 1059 1160 dicit,
1091 1080 1193 1169 Quod
1221 1090 1338 1151 natam
1372 1090 1420 1152 est
1453 1082 1657 1153 desummo

450 1217 563 1276 cante,
581 1219 663 1265 caro
680 1203 750 1274 est‚·
775 1204 807 1265 et
829 1195 921 1289 qaod
938 1205 1056 1267 natum
1073 1206 1121 1268 est
1138 1197 1179 1268 de
1194 1200 1331 1292 spirita,
1349 1198 1594 1292 spiritnssonm.
1604 1214 1638 1263 tv.

450 1318 521 1380 est:
548 1312 710 1405 qreoniam
734 1312 880 1406 spimtas
895 1312 993 1383 Deris
1018 1323 1075 1396 cst,
1097 1322 1128 1384 ct
1150 1314 1191 1384 de
1207 1313 1284 1384 Deo
1309 1323 1409 1386 natm
1435 1292 1543 1385 est*

449 1424 549 1522 Eryo
566 1450 680 1497 omnes
696 1424 851 1499 hoeretici
868 1436 899 1498 et
918 1426 1128 1499 schismatici
1145 1430 1261 1499 omnia
1280 1452 1496 1523 quincumque

438 1540 585 1636 faciunt
601 1540 757 1613 earnalia
774 1551 864 1624 sunt,
882 1541 1012 1614 dicente
1021 1542 1196 1637 Apasuto,
1208 1541 1400 1638 Manifesta
1416 1552 1496 1615 sunt
1504 1560 1559 1611 ont.
1566 1579 1590 1611 v.
1604 1576 1642 1627 ¹9·

450 1658 542 1726 enirn
564 1680 668 1751 opera
693 1659 820 1741 carnis,
838 1683 915 1751 quer
935 1666 1015 1728 sunt
1028 1656 1293 1752 fornicationes,
1311 1658 1497 1730 immundi·

450 1770 520 1851 tire,
539 1770 696 1850 incestus,
721 1768 937 1854 idololatrici,
963 1770 1133 1863 uenoicia,
1159 1771 1365 1852 inimicitia,
1390 1780 1497 1843 certa-

451 1891 557 1970 mina,
574 1887 677 1972 zelas,
695 1892 762 1973 ira,
780 1889 976 1974 divisiones,
993 1888 1147 1973 hareses,
1164 1899 1196 1959 et
1216 1888 1271 1960 his
1294 1888 1437 1974 similia,
1454 1891 1497 1962 de

451 2003 572 2098 quibas
583 2004 743 2099 prcedini
759 2004 863 2088 vobis,
881 2008 970 2077 sicrct
981 2005 1148 2101 mendico,
1166 2008 1326 2100 quomam
1344 2007 1496 2100 quicum-

451 2145 515 2215 que
531 2119 763 2216 hoecsacinnt
777 2146 918 2219 requam
936 2120 1007 2193 Dei
1024 2147 1093 2193 non
1108 2120 1353 2194 hereditabant.
1405 2120 1497 2195 Con-

450 2236 588 2307 demnat
604 2261 699 2331 ‹uqrae
715 2236 900 2331 Apostolus
917 2262 993 2309 cam
1011 2236 1164 2308 omnihus
1181 2236 1282 2308 mahis
1304 2246 1336 2308 et
1358 2262 1412 2308 eos
1435 2239 1496 2331 qui

450 2352 651 2424 divisionem
667 2351 821 2447 facium,
838 2352 902 2424 hoc
922 2362 979 2436 est,
996 2351 1228 2424 schismaticos
1253 2361 1285 2423 et
1308 2351 1494 2423 hoereticos.
1518 2420 1520 2423 .

450 2466 533 2537 Nisi
562 2491 642 2564 cryc
670 2469 860 2561 acceperint
888 2467 1054 2562 baptisma
1087 2467 1238 2539 saltitare
1271 2471 1309 2539 in
1338 2467 1494 2539 Ecclesia

449 2581 616 2654 catholica
637 2606 713 2677 qnoe
734 2607 805 2652 utra
827 2592 886 2667 est,
902 2582 990 2655 salci
1006 2608 1160 2655 essenon
1172 2593 1325 2678 possunt,
1342 2584 1403 2655 sed
1417 2608 1493 2656 cnm

450 2697 646 2769 carnahihas
663 2700 701 2768 in
708 2698 846 2791 jndicio
865 2697 1011 2769 Domini
1027 2698 1305 2788 damnabuntur.)

502 2814 738 2885 Nemesianus
766 2837 788 2884 a
813 2815 972 2885 Tubunis
1002 2815 1116 2886 multa
1144 2816 1261 2908 posuit
1291 2817 1495 2888 testimonie

451 2931 734 3022 Scripturarum:
768 2931 830 3000 sed
859 2954 923 3022 pro
952 2933 1130 3001 sententis
1158 2931 1359 3013 Catholiese,
1388 2932 1493 3024 quum

450 3046 696 3116 declarandam
721 3056 759 3115 et
784 3047 1100 3117 commendandam
1128 3048 1356 3140 suscepimus,
1381 3046 1496 3117 multa

450 3162 590 3232 locutus
607 3172 670 3232 est.
724 3161 804 3232 Nisi
822 3162 913 3231 forte
936 3163 1133 3253 putandum
1151 3172 1215 3244 est,
1233 3166 1316 3254 quin
1332 3186 1401 3232 non
1408 3161 1497 3255 fidit

450 3277 488 3345 in
503 3274 614 3371 fahsis
636 3278 695 3367 qui
722 3278 800 3347 fidit
825 3277 861 3346 in
893 3300 955 3369 spe
982 3300 1097 3347 rerum
1127 3275 1387 3368 temporalium,
1405 3278 1497 3347 sieut

449 3413 573 3460 omnes
589 3394 682 3461 avari
699 3403 808 3484 utque
824 3402 992 3485 raptores,
1011 3401 1047 3461 et
1065 3393 1123 3482 qui
1148 3390 1276 3461 saeculc
1293 3413 1363 3459 non
1381 3390 1495 3470 fretis,

449 3506 511 3574 sed
534 3506 648 3576 verbis
670 3510 884 3589 renuntiant,
907 3507 1028 3599 quales
1054 3517 1173 3576 tumen
1199 3507 1305 3575 intus.
1320 3513 1357 3575 et
1382 3505 1496 3596 bspti-

449 3644 529 3691 znre
554 3632 593 3692 et
618 3622 786 3713 baptizari
813 3624 932 3702 etium,
959 3621 1154 3713 Cyprianus
1179 3628 1234 3689 est
1259 3620 1370 3688 testis.
1423 3619 1495 3710 Ipsi

449 3746 638 3830 sequnntur
651 3738 752 3807 etiam
770 3761 846 3808 aves
863 3734 1022 3819 volantes,
1040 3736 1208 3827 quianon
1226 3733 1495 3826 apprehendunt

449 3875 527 3943 quae
544 3853 806 3945 concupiscunt.
857 3850 998 3922 Deserit
1014 3860 1124 3920 antem
1142 3849 1216 3920 uias
1233 3850 1343 3920 cinere
1364 3872 1446 3930 sure,
1463 3858 1495 3919 et

449 3990 471 4036 a
495 3969 616 4038 semita
641 3967 743 4065 ayehhi
766 3968 823 4038 sni
848 3976 950 4047 urat,
969 3974 1001 4036 ct
1023 3962 1217 4060 innareditnr
1233 3985 1300 4055 per
1317 3962 1396 4031 coia
1420 3959 1494 4030 loca

449 4093 548 4178 atque
565 4083 667 4154 arida
684 4093 716 4154 et
736 4094 862 4153 terram
886 4081 1088 4152 destinatam
1114 4077 1181 4158 siti,
1200 4077 1417 4169 consequitur
1434 4100 1495 4146 an·

450 4208 513 4268 tem
537 4198 691 4269 manibus
714 4197 937 4293 infructuosa,
956 4219 1026 4264 non
1052 4196 1238 4264 hereticus
1264 4192 1494 4276 tantumsed

450 4316 563 4384 omnis
581 4317 640 4406 qui
664 4314 757 4383 male
776 4315 883 4383 vivit:
912 4313 994 4403 quia
1019 4312 1131 4379 omnis
1151 4310 1293 4399 justitie
1315 4308 1495 4377 fructuosa

492 4449 558 4488 von.
574 4449 603 4487 ν.
953 4447 968 4483 r
984 4423 999 4483 f
