3900 5167
825 442 1135 509 DISPUTATIO.
1441 440 1505 508 137

450 628 681 711 terorumque
695 620 756 711 qui
770 621 945 712 propriam
960 619 1104 689 sibimet
1117 618 1200 710 ipsis
1213 616 1395 688 scientiam
1409 639 1505 686 oom-

449 745 656 825 posuerunt
683 735 801 818 Quem
818 735 945 804 borum
965 735 1142 805 destruxit
1160 734 1266 813 dicet,
1283 742 1346 802 aut
1363 733 1503 823 quando

450 852 624 936 destruet,
642 852 742 942 quasi
768 847 971 942 perfectus?
998 849 1163 919 inducias
1189 848 1344 918 fortassis
1370 845 1503 940 aliquas

450 967 587 1058 querit.
619 965 738 1035 ¹”Non
756 964 872 1058 plane,
889 974 1050 1036 nontam
1069 964 1227 1045 obscure,
1246 973 1283 1033 et
1300 962 1504 1056 ignobiliter

450 1082 618 1152 adveniet
634 1081 707 1163 ille,
724 1082 785 1173 qui
802 1081 982 1173 perfectus
999 1091 1066 1161 est,
1083 1080 1118 1149 id
1138 1088 1202 1162 est,
1220 1078 1325 1149 Jesus
1341 1078 1503 1150 Christus

450 1197 629 1268 Dominus
656 1206 800 1269 nostem·
837 1196 909 1267 Sed
936 1198 1028 1266 sicut
1059 1219 1122 1265 rex
1154 1195 1344 1265 adveniens
1374 1196 1417 1265 ad
1444 1218 1503 1264 ur-

451 1312 535 1382 bem
554 1334 665 1393 suam,
683 1312 869 1404 praemittit
889 1312 1004 1403 primo
1021 1318 1264 1401 nprotectores
1282 1331 1374 1391 suos,
1392 1310 1501 1401 signa,

451 1427 631 1507 dracones,
666 1424 814 1508 tataros,
850 1426 968 1506 duces,
1007 1426 1191 1518 principes,
1235 1425 1429 1515 praefectos,
1463 1435 1501 1495 et

451 1542 616 1612 universa
633 1543 803 1612 continuo
820 1552 1100 1622 commoventur,
1118 1541 1195 1611 aliis
1213 1562 1295 1608 vero
1308 1540 1502 1609 metuenti-

451 1657 529 1737 bus,
555 1657 634 1727 aliis
661 1680 743 1727 vero
764 1656 1002 1751 gaudentibus
1027 1679 1091 1748 pro
1117 1655 1366 1746 expectatione
1390 1654 1501 1746 regim

451 1774 565 1842 itaet
590 1772 766 1842 Dominus
787 1794 888 1842 meus
904 1771 1021 1853 Jesus,
1040 1773 1098 1863 qui
1126 1779 1181 1840 est
1205 1792 1286 1839 vere
1312 1770 1500 1861 perfectus,

451 1886 644 1958 adveniens
660 1886 844 1978 praemittit
860 1887 897 1955 in
919 1888 1033 1977 primo
1049 1885 1197 1980 glorium
1216 1907 1325 1966 suam,
1343 1886 1502 1955 inconta-

451 2002 578 2072 minati
595 2010 703 2093 atque
720 2002 937 2072 immaculati
956 2003 1056 2095 regni
1077 2002 1322 2093 predicatores
1339 2010 1500 2082 sacratos,

452 2124 491 2186 et
513 2125 600 2186 tunc
623 2118 802 2187 ¹universa
817 2125 979 2189 creatura
996 2116 1287 2198 commovebitur,
1305 2125 1343 2186 et
1360 2126 1502 2185 contur-

451 2232 603 2314 bobitur,
622 2231 831 2325 supplicans,
848 2241 956 2322 atque
973 2231 1169 2312 obsecrans,
1184 2254 1366 2323 usquequo
1384 2253 1462 2301 eam
1481 2254 1502 2300 a

451 2348 626 2418 servitute
643 2346 780 2417 liberet.
825 2345 1034 2417 Humanum
1054 2369 1137 2417 vero
1153 2369 1266 2440 genus
1282 2356 1421 2418 metuat
1439 2370 1499 2415 no·

452 2482 550 2531 cesse
579 2470 644 2543 est,
673 2471 732 2532 ⁰et
763 2461 1062 2555 quamplurimum
1095 2461 1335 2543 conturbetur,
1367 2484 1430 2553 pro
1458 2484 1501 2531 eo

452 2578 546 2666 quod
565 2575 679 2647 multa
696 2577 828 2648 delicta
843 2577 1080 2659 commiserit;
1106 2577 1171 2647 soli
1192 2600 1272 2647 vero
1291 2579 1381 2668 justi
1406 2577 1501 2647 loeta·

452 2692 596 2773 buntur,
607 2700 838 2785 expectantes
851 2715 929 2783 quae
946 2692 1013 2762 sibi
1032 2694 1201 2783 promisse
1218 2704 1310 2774 sunt,
1324 2716 1390 2762 nec
1409 2694 1501 2763 ultra

452 2808 710 2877 mundanarum
737 2830 855 2877 rerum
889 2807 1087 2877 substantia
1121 2807 1350 2898 permanebit,
1383 2808 1501 2877 onmia

452 2920 690 3004 destruentur,
717 2922 791 2991 sive
818 2920 1025 3014 prophetiae,
1053 2923 1127 2991 sive
1153 2921 1279 2992 horum
1309 2922 1397 3003 libri,
1426 2925 1500 2992 sive

451 3034 581 3129 lingue
606 3038 716 3107 totius
737 3038 877 3130 generis
904 3038 1092 3107 cessabunt
1117 3059 1160 3106 eo
1187 3038 1280 3128 quod
1309 3037 1404 3108 ultra
1429 3061 1500 3106 non

452 3160 582 3245 egeant
598 3150 739 3222 solliciti
758 3173 832 3222 esse
856 3151 1028 3234 homines,
1046 3162 1084 3222 et
1101 3155 1256 3245 cogitare
1273 3154 1318 3223 de
1342 3155 1404 3233 his,
1423 3176 1500 3246 quae

450 3267 496 3338 ad
522 3268 632 3336 vitam
659 3268 854 3339 necessaria
878 3277 971 3354 sunt,
996 3270 1069 3339 sive
1093 3271 1241 3339 scientia
1263 3293 1499 3362 quorumcun-

452 3405 523 3473 que
541 3382 724 3452 doctorum
743 3384 852 3453 etiam
868 3383 945 3473 ipsa
961 3385 1182 3454 destruetur:
1211 3384 1297 3453 nihil
1319 3386 1413 3453 enim
1438 3385 1501 3453 ho·

452 3520 531 3567 rum
558 3497 703 3569 sufferre
732 3498 864 3591 poterit
891 3502 1009 3592 magni
1036 3500 1130 3570 illius
1160 3501 1268 3593 Regis
1295 3503 1498 3571 adventum.

453 3612 574 3683 ’Sicut
590 3615 685 3684 enirn
703 3637 811 3706 parva
835 3614 990 3685 scintilla
1013 3616 1056 3685 ad
1081 3616 1303 3707 splendorem
1332 3617 1414 3687 solis
1440 3618 1502 3687 ad-

491 3832 516 3862 m
537 3821 638 3878 Codex
659 3821 832 3887 Cssinensis,
854 3822 919 3878 Non
937 3822 1021 3897 plone
1039 3830 1111 3878 nota.
1154 3822 1213 3880 Sed
1231 3824 1350 3880 omissas
1373 3825 1408 3880 ab
1428 3826 1500 3881 osci·

453 3927 530 3975 tonte
550 3918 665 3975 librario
686 3920 803 3976 lineolae
821 3921 928 3984 censui,
950 3940 1012 3994 quae
1034 3921 1178 3976 vocalibus
1195 3921 1378 3995 superpositae
1398 3941 1498 3978 conso·

453 4024 552 4072 nantes
574 4016 765 4091 designarent.
802 4017 880 4089 (For.
899 4017 928 4073 in
947 4016 1179 4073 antecedentibus
1201 4017 1423 4074 subaudiendum
1446 4029 1498 4084 est,

454 4111 579 4169 inducias
593 4115 702 4188 quaerit,
718 4124 867 4189 antequem
883 4115 1031 4185 destruat.)
1161 4130 1163 4133 ⁴

493 4221 509 4251 ¹¹
523 4211 566 4268 De
580 4211 625 4267 his
638 4212 694 4268 lete
709 4221 773 4286 post
788 4211 997 4269 Gothofredum
1012 4213 1177 4286 Ducangius
1191 4214 1219 4268 in
1236 4213 1389 4270 Glossario.

494 4321 508 4349 ⁰
523 4306 557 4364 In
571 4308 668 4364 codice
683 4309 839 4373 Casinensi,
854 4317 880 4364 et
899 4309 1099 4383 cumplurimum
1115 4310 1296 4366 conturbetur.

535 4410 541 4433 ¹
560 4406 639 4478 [For.
656 4404 736 4463 Sicut
751 4407 827 4462 enim
842 4425 905 4462 cum
921 4408 1020 4480 parva]
1131 4412 1138 4434 ²
1155 4408 1239 4463 Rom.
1255 4408 1312 4462 viii.
1328 4426 1375 4472 21,
1391 4428 1436 4464 22.

497 4519 562 4562 vot.
581 4521 610 4562 v.
956 4524 974 4561 u
