3900 5167
551 439 594 505 60
791 440 1045 505 ARCHELAI
1077 442 1141 506 ΕΤ
1172 444 1394 511 MANETIS

551 646 618 692 σει.
665 616 724 692 καὶ
742 613 775 691 εί
790 647 843 696 τις
867 614 908 691 οὐ
927 613 1052 693 δίδωσι
1074 621 1148 698 τοῖς
1175 616 1352 701 ἐκλεκτοῖς
1368 618 1479 698 αὑτοῦ
1496 620 1586 699 εὗσέ·

549 746 662 835 βειαν,
681 737 951 838 κολασθήσεται
973 744 1022 823 είς
1048 738 1112 824 τὰς
1129 740 1261 843 γενεὰς,
1279 746 1338 821 καὶ
1359 777 1584 843 uerendum·

549 875 672 946 τοῦται
698 872 746 950 είς
772 865 1044 969 κατηχουμένων
1067 866 1231 966 σώματα,
1255 870 1321 954 ἕως
1348 872 1392 951 οὗ
1417 874 1469 979 dci
1495 875 1588 952 edus·

548 996 647 1088 βείας
663 992 819 1091 πολλὰς,
837 996 896 1073 καὶ
911 991 969 1074 διὰ
987 1003 1103 1091 τοῦτο,
1121 994 1155 1073 εί
1169 1029 1204 1074 τι
1222 995 1426 1078 κάλλιστον
1440 1000 1482 1078 ἐν
1497 998 1589 1102 βρί-

548 1153 651 1217 μασι,
669 1128 743 1205 τοῖς
760 1124 936 1203 ἐκλεκτοῖς
952 1119 1216 1226 προσφέρουσι.
1264 1126 1323 1202 καὶ
1340 1122 1429 1203 ὅταν
1446 1123 1586 1221 μέλλω·

546 1281 610 1328 σιν
637 1249 769 1328 ἐσθίειν
794 1248 912 1351 ἄρτον,
944 1247 1207 1352 προσεύχονται
1231 1254 1386 1351 πρῶτον,
1407 1251 1504 1331 οὕτω
1527 1252 1586 1331 λε’-

547 1409 671 1477 γοντες
697 1373 789 1477 πρὸς
812 1373 875 1455 τὸν
903 1374 1023 1478 ἄρτον,
1053 1377 1133 1455 οὔτε
1164 1374 1209 1455 σὲ
1235 1374 1306 1475 ἐγὼ
1332 1376 1489 1479 ἐθέρισα,
1514 1380 1590 1457 οὔτε

546 1502 676 1600 ἤλεσα,
705 1503 784 1581 οὔτε
815 1501 953 1607 ἕθλιψά
981 1535 1038 1599 σε,
1066 1504 1145 1582 οὔτε
1167 1507 1216 1586 είς
1243 1502 1420 1597 κλίβανον
1445 1503 1589 1599 ἔβαλαν

545 1628 647 1708 ἀλλὰ
680 1628 797 1710 ἄλλος
828 1630 973 1727 ε’ττοίησε
1007 1637 1130 1726 ταῦτα,
1161 1630 1220 1708 καὶ
1256 1628 1387 1729 ἤνεγκέ
1417 1663 1491 1727 μοι,
1521 1628 1589 1731 ε’γίι

546 1756 708 1839 ἀναιτίως
735 1755 883 1859 ἔφαγον.
922 1758 981 1834 καὶ
998 1754 1086 1834 ὅταν
1104 1756 1182 1835 καθ
1220 1753 1346 1835 ἑαυτὸν
1363 1755 1445 1861 ein-p
1467 1767 1588 1854 ταῦτα,

546 1884 643 1984 λέγει
667 1888 719 1989 τῷ
736 1884 997 1989 κατηχουμίνῳ,
1014 1879 1179 1988 ηὐξάμην
1197 1880 1285 1983 ὑπὲρ
1302 1891 1384 1980 σοῦ,
1401 1887 1463 1963 καὶ
1480 1887 1589 1968 οὕτως

545 2012 744 2118 ἀφίσταται
772 2011 909 2093 ἐκεῖνος.
948 2013 997 2094 ὡς
1022 2006 1094 2113 γὰρ
1126 2006 1225 2089 εἶτον
1251 2011 1333 2107 ὑμῖν
1356 2007 1428 2111 πρὸ
1452 2012 1586 2114 ὀλίγον,

545 2232 598 2318 qui
630 2253 693 2295 nou
723 2230 909 2316 praestitcrit
938 2230 1046 2295 electis
1086 2238 1194 2295 centes
1212 2231 1254 2295 ed
1276 2253 1397 2316 penem,
1414 2254 1518 2318 neque
1531 2255 1586 2321 ego

543 2316 1046 2403 ejusqeiimenta,poenissubde-
1086 2324 1120 2381 ts
1142 2316 1268 2395 messui,
1283 2338 1384 2402 neque
1404 2318 1514 2397 motui,
1535 2342 1586 2386 ue·

543 2411 598 2468 tur
625 2402 808 2488 ‘gebennen
834 2410 868 2465 et
893 2403 1046 2466 transfor·
1087 2424 1148 2487 quc
1163 2402 1343 2479 ‘tribuisvi
1357 2423 1415 2468 uec
1437 2404 1471 2468 iu
1492 2405 1586 2471 elibe-

543 2501 650 2554 matur
684 2487 717 2550 in
748 2488 1046 2552 catechumenorum
1088 2509 1164 2552 num
1181 2495 1215 2552 te
1235 2488 1326 2559 misi3
1348 2489 1429 2553 nlius
1447 2496 1483 2554 te
1499 2492 1586 2566 feriit,

542 2595 687 2673 corpora,
699 2594 864 2658 usquequo
878 2573 975 2637 iaciat
990 2572 1046 2636 mi-
1087 2581 1122 2637 et
1135 2574 1250 2639 detulit
1265 2582 1302 2639 te
1321 2574 1410 2651 mihi,
1425 2597 1486 2660 ego
1500 2578 1590 2642 iuno·

542 2659 730 2724 senccrdiss
745 2659 881 2733 multam
903 2666 937 2723 et
950 2679 1046 2743 prop·
1086 2667 1196 2723 center
1231 2667 1266 2724 te
1303 2661 1496 2726 ”manduce
1543 2664 1591 2729 Es

516 2781 519 2787 ·
541 2753 631 2810 terea
646 2745 671 2808 si
687 2744 762 2829 quid
777 2745 932 2830 optimum
947 2751 997 2808 est
1012 2744 1044 2807 in
1085 2766 1157 2808 cum
1182 2746 1268 2810 iutra
1292 2746 1497 2831 semetipsum
1519 2749 1590 2815 hnc

543 2832 634 2908 escis,
650 2831 806 2895 ⁵offcrunt
822 2829 898 2893 iilud
914 2829 1041 2894 clectis:
1084 2830 1213 2907 dixerit,
1229 2832 1426 2917 xrespondet
1440 2833 1483 2896 ed
1501 2856 1588 2913 eum,

540 2923 660 2981 etcum
677 2916 833 2980 volueriut
851 2917 1042 2979 munducare
1084 2917 1137 3000 qui
1160 2917 1189 2980 ei
1208 2916 1334 2995 detulit,
1348 2918 1435 2981 oravi
1455 2941 1517 3003 pro
1540 2928 1586 2998 te,

541 3023 665 3087 penem,
682 3012 775 3066 orant
790 3002 903 3086 primo,
918 3002 982 3066 ista
996 3002 1042 3064 di·
1083 3011 1116 3065 et
1145 3001 1197 3066 illc
1224 3003 1360 3067 discedit
1391 3004 1450 3068 ita.
1495 3004 1587 3071 Sicut

580 3231 596 3275 (ι
611 3221 695 3296 Apud
710 3220 899 3295 Epiphanium
913 3219 1053 3283 scribitur,
1068 3221 1213 3285 εὐσέβειαν,
1223 3220 1363 3294 pietatem.

579 3328 591 3357 Γ
606 3317 790 3392 Epiphanius,
801 3337 854 3392 per
866 3317 966 3373 multae
978 3317 1173 3392 perierandum,
1183 3336 1276 3391 ραιιος
1289 3318 1426 3393 expendet.

579 3424 591 3456 ⁸
606 3415 706 3471 Codex
717 3415 876 3477 Bobieusis,
892 3414 1009 3487 ‹affemu
1022 3414 1092 3469 illud
1104 3413 1161 3469 illic
1173 3413 1274 3470 electis.
1298 3413 1470 3480 casinensis,
1485 3418 1586 3491 cffem

540 3513 609 3570 illud
621 3512 723 3569 electis.
746 3512 795 3569 sed
810 3530 846 3568 ex
861 3511 1020 3585 Epiphanio
1033 3511 1185 3586 legendum
1200 3519 1231 3569 ut
1245 3512 1393 3569 edidimus.

578 3614 589 3653 t
611 3609 647 3667 In
668 3626 762 3684 graecc
788 3608 937 3682 Epiphanii
959 3610 1068 3680 ἕθλιψο,
1087 3608 1189 3683 ςαὸιρὶ,
1213 3627 1247 3665 eo
1266 3628 1360 3674 sensu,
1383 3629 1439 3685 quo
1460 3611 1581 3669 farinam

537 3706 668 3781 subigere
682 3706 810 3761 dicimus.

577 3813 592 3843 ¹¹
609 3802 780 3867 casinensis,
796 3803 923 3859 manduco
936 3810 963 3857 et
975 3802 1059 3859 solvo.
1104 3802 1163 3860 Sed
1183 3822 1235 3860 nos
1257 3803 1405 3860 Bobieusis
1421 3804 1538 3872 codicis,
1554 3815 1582 3862 et

537 3899 689 3976 Epiphanii
702 3901 853 3957 lectionem
867 3900 1066 3974 expressimus.

578 4008 591 4034 ¹
607 3997 705 4054 Codex
717 3997 875 4063 Bobieusis,
891 3998 1033 4071 respondet
1047 4000 1084 4053 cd
1096 3998 1182 4065 illum,
1198 4000 1245 4073 qui
1259 3998 1371 4055 detulit:
1393 4001 1471 4054 οταοὶ
1481 4019 1536 4073 pro
1548 4009 1580 4056 te.

536 4093 570 4151 si
590 4097 650 4170 puis
669 4096 818 4160 meseum't,
841 4097 994 4160 demetetur,
1017 4097 1066 4153 &c
1113 4096 1284 4171 Epiphanius
1305 4096 1400 4164 hebet,
1419 4097 1486 4153 dicit
1509 4107 1579 4154 mte-

537 4191 679 4248 οίιαιιιοτιο.Ι
703 4195 779 4249 oravi
795 4213 848 4267 pro
871 4202 903 4260 te,
920 4202 946 4250 et
960 4195 999 4249 itc
1018 4194 1065 4249 ille
1080 4195 1200 4250 discedit.
1243 4193 1326 4257 Nam,
1340 4196 1411 4251 sicut
1430 4214 1480 4268 ego
1496 4187 1580 4269 ροιιίο

536 4297 597 4344 cute
610 4289 676 4353 disi,
690 4293 715 4345 si
729 4291 790 4363 quis
803 4291 952 4353 messuerit,
964 4291 1116 4347 detestetur.
1139 4289 1197 4348 Sed
1212 4291 1311 4348 melior
1324 4291 1403 4347 latini
1418 4292 1581 4367 interpretis

536 4384 628 4441 lectio.
