3900 5167
634 458 698 521 DE
723 457 1106 522 REBAPTISMATE
1130 459 1289 523 LIBER.
1421 462 1486 531 319

488 630 581 703 XII.
608 631 661 703 Et
677 654 789 723 usque
805 632 894 704 adeo
912 656 1018 703 omne
1032 632 1120 704 illud
1139 634 1384 705 hereticorum
1401 636 1487 728 bep-

439 749 545 819 tisme
560 748 804 820 intercedente
826 748 945 841 aliquo
968 748 1154 820 intervallo
1172 751 1342 843 temporis
1359 752 1485 846 oorrigi

438 872 568 958 potest,
594 864 623 935 si
648 865 727 956 quis
751 865 986 957 supervixerit
1011 872 1049 935 et
1074 865 1181 936 fidem
1208 868 1410 951 eorrexerit,
1429 875 1487 938 ¹ut

439 980 559 1051 Deum
584 989 744 1051 nostrum
774 981 811 1051 in
835 980 1029 1076 Evangelio
1059 983 1252 1053 secundum
1280 982 1415 1054 Lucam
1441 985 1486 1055 ad

439 1096 629 1189 discipulos
646 1120 726 1167 suos
744 1096 884 1168 loeutus
900 1106 956 1169 est
973 1098 1104 1181 dicens,
1121 1095 1242 1169 Habeo
1259 1106 1370 1169 autom
1388 1097 1488 1171 aliod
1495 1112 1648 1177 rueme.

437 1210 607 1306 baptismo
640 1210 822 1309 baptizari.
885 1214 981 1285 Item
1015 1215 1209 1285 seeundum
1241 1213 1406 1286 Marcum
1440 1215 1484 1286 ed

438 1327 530 1399 filios
547 1328 713 1400 Zebedaei
734 1330 859 1401 endem
881 1330 1018 1400 ratione
1035 1330 1191 1411 'dixerit
1210 1327 1359 1401 Potestis
1376 1328 1573 1403 biberen-m.
1584 1370 1609 1404 x.

438 1443 577 1516 oolioom
595 1468 691 1540 quom
709 1467 769 1542 eqo
781 1444 865 1527 bibo,
879 1455 939 1518 aot
952 1444 1153 1541 baptismate
1170 1469 1236 1541 quo
1253 1468 1313 1543 epo
1329 1445 1486 1541 baptizor
1494 1418 1534 1482 ³⁸¹

438 1556 646 1654 baptizari?
679 1563 773 1653 quod
803 1563 908 1633 sciret
937 1562 1099 1634 homines
1133 1586 1204 1633 non
1239 1553 1362 1634 solum‘
1383 1587 1485 1656 uque,

438 1699 562 1747 verum
579 1676 687 1747 etiem
711 1679 881 1772 sangnine
903 1701 966 1749 suo
990 1679 1130 1772 proprio
1147 1678 1278 1750 habere
1295 1679 1486 1773 baptizem

438 1791 490 1861 ite
511 1799 553 1861 ut
578 1802 617 1862 et
640 1792 715 1863 solo
740 1792 809 1863 hoo
834 1792 1045 1886 baptismate
1071 1793 1242 1885 baptizati
1264 1794 1372 1865 fidem
1395 1796 1487 1866 inte-

437 1930 537 2001 gram
565 1917 604 1978 et
631 1908 857 1979 dilectionem
886 1910 1060 1979 sincerem
1088 1908 1215 1980 leveeri
1246 1910 1383 2002 possint
1412 1909 1486 1980 edi·

438 2022 546 2114 pisei;
571 2032 610 2093 et
622 2032 772 2116 utroque
784 2025 890 2094 modo
907 2024 1099 2116 baptizeri3
1123 2048 1223 2117 aeque
1235 2033 1357 2095 temen
1374 2046 1485 2095 unum

438 2136 614 2229 baptisma
630 2138 770 2210 'salutis
788 2149 825 2209 et
841 2139 984 2209 honoris
1003 2140 1134 2231 pariter
1151 2148 1189 2210 et
1204 2139 1386 2232 aequuliter
1402 2161 1486 2209 eon·

436 2255 549 2345 sequi.
600 2254 706 2339 Quod
739 2255 835 2325 enim
870 2255 1006 2326 dictum
1036 2265 1091 2326 est
1120 2278 1141 2325 a
1169 2256 1336 2340 Domino,
1363 2253 1485 2327 Habeo
1494 2271 1647 2339 insurgo.

437 2367 538 2442 uliud
552 2369 719 2466 baptismo
739 2369 923 2465 baptizari,
940 2371 1008 2442 hoe
1034 2374 1070 2442 in
1097 2371 1175 2442 loeo
1201 2395 1272 2442 non
1297 2379 1338 2442 ut
1361 2394 1485 2443 seeun-

438 2488 525 2558 dum
542 2488 726 2580 baptisme,
744 2511 785 2558 ao
811 2489 840 2558 si
866 2489 937 2558 sint
960 2489 1030 2559 duo
1048 2488 1271 2581 baptismata,
1290 2489 1484 2583 signifieat:

436 2603 500 2674 sed
517 2602 662 2674 alterius
679 2627 819 2696 quoque
844 2605 971 2695 speciei
999 2604 1174 2696 baptisma
1197 2605 1242 2675 ed
1265 2605 1415 2675 eandem
1433 2627 1487 2674 sa-

437 2715 551 2787 lutem
582 2739 791 2787 concurrens
816 2718 986 2788 donatum
1016 2718 1118 2789 nobis
1149 2740 1225 2789 esse
1255 2719 1484 2789 demonstrat.

437 2831 552 2916 ⁴Quas
578 2839 744 2924 utrasque
769 2834 904 2925 speeies
929 2833 975 2904 ab
1001 2835 1077 2926 ipso
1095 2832 1250 2903 Domino
1276 2842 1396 2903 nostro
1417 2833 1487 2925 pri-

437 2965 535 3013 mum
575 2942 704 3013 initiari
743 2953 781 3013 et
819 2944 1028 3015 sanctificari
1067 2944 1263 3036 oportebat,
1305 2954 1347 3014 ut
1384 2943 1486 3015 nobis

437 3081 579 3151 quoque
608 3057 787 3142 alterutra,
816 3059 890 3130 sive
919 3068 1069 3153 utraque
1100 3060 1245 3152 species,
1276 3083 1387 3130 unum
1417 3059 1486 3130 hoo

479 3272 487 3295 ¹
501 3276 533 3323 ut
547 3267 639 3323 Deum
653 3275 783 3323 nostrum
797 3267 827 3323 in
842 3267 1013 3343 Evangelio]
1037 3267 1204 3343 Legendum
1224 3274 1323 3323 monet
1337 3266 1441 3332 Fellns.
1455 3276 1486 3324 ut

437 3364 526 3422 Dm
539 3373 668 3439 aquosoot
682 3364 730 3439 qui
742 3364 820 3421 inu.
863 3365 997 3421 Buluzius
1010 3384 1088 3432 vero,
1104 3372 1135 3421 ut
1149 3365 1227 3422 Deus
1239 3372 1340 3421 noster.
1383 3364 1485 3421 Malim

437 3480 493 3537 ego
506 3462 638 3526 seribere,
653 3471 684 3518 ut
698 3461 834 3518 Dominus
847 3469 940 3519 noster
953 3463 982 3518 iu
997 3463 1033 3518 E.

477 3560 487 3584 ¹
501 3559 617 3633 dixerit]
635 3559 702 3617 Cor.
717 3561 796 3616 deit.

477 3657 596 3714 ’edetis
620 3667 649 3714 et
672 3658 801 3731 honoris]
826 3657 940 3715 Etenim
963 3658 1091 3734 martyrii
1115 3659 1285 3733 baptismate
1309 3678 1367 3715 non
1392 3658 1485 3716 solnm

437 3756 512 3813 sulus
526 3766 639 3812 reternae
653 3755 728 3824 vitae,
744 3757 794 3813 sed
808 3764 837 3813 et
849 3775 955 3813 corone
970 3757 1061 3815 datur.
1084 3758 1210 3814 Rresur.

476 3862 487 3889 ⁴
500 3853 580 3922 Quas
594 3864 727 3927 utrasque
741 3854 863 3929 species]
888 3854 1031 3911 Nimirum
1047 3862 1113 3912 ente
1126 3855 1268 3930 baptisma
1282 3853 1389 3911 Christi
1404 3872 1484 3928 nquae

436 3970 494 4008 non
518 3951 663 4008 laverunt:
689 3960 756 4008 ante
777 3971 890 4008 crucem
913 3952 1030 4018 Christi,
1054 3952 1170 4028 sangnis
1191 3972 1250 4009 nou
1270 3951 1386 4009 laverat,
1408 3951 1485 4025 quod

437 4049 585 4123 utrobique
606 4049 799 4124 accipiendum
822 4058 865 4105 est
886 4050 921 4105 de
935 4048 962 4104 vi
985 4068 1018 4105 ec
1032 4049 1135 4106 virtute
1157 4049 1283 4122 spiritali,
1300 4048 1359 4105 sive
1374 4049 1483 4105 deifica.

437 4147 492 4204 Sed
513 4146 665 4221 improprie
684 4146 738 4203 dici
756 4147 868 4204 videtur
885 4166 902 4202 a
921 4144 1038 4204 Christo
1059 4146 1213 4202 ministrari
1234 4165 1313 4220 nquae
1333 4145 1483 4220 baptisma,

436 4264 499 4301 cum
514 4244 567 4319 ipsi
583 4243 698 4300 Christo
713 4243 748 4299 eb
762 4244 873 4300 Joanne
895 4243 931 4299 sit
952 4243 1152 4299 ministratum.
1198 4242 1268 4298 Inde
1283 4252 1350 4298 nete
1363 4242 1485 4298 varietas

436 4343 581 4416 scripturae
596 4341 712 4405 initiari,
727 4360 779 4414 pro
794 4341 955 4397 ministrari.
999 4340 1061 4397 Etsi
1081 4340 1137 4396 hoc
1158 4339 1224 4397 ferri
1249 4339 1362 4414 quidem
1384 4339 1483 4415 possit.

438 4438 563 4494 Rronnr.
