3900 5167
598 463 840 528 RESPONSA
863 464 931 527 AD
954 462 1217 528 EPISCOPOS.
1362 460 1427 526 279

377 635 597 717 babitabant,
615 637 651 705 in
676 658 746 727 qua
770 636 844 728 ipso
869 635 957 705 dicit
982 656 1054 704 non
1079 632 1239 703 habitare
1260 633 1326 703 nisi
1344 655 1427 703 oon·

378 753 503 822 cordes
520 760 558 821 et
575 751 776 822 unanimes:
802 752 870 820 nisi
882 750 974 822 forte
991 752 1176 842 quisquam
1193 750 1243 819 sio
1260 748 1427 820 abhorret

378 889 401 937 a
418 889 511 950 vcro,
530 877 572 938 ut
588 868 682 939 dicat
699 869 888 939 concordes
905 874 943 937 et
965 866 1149 937 unanimes
1165 865 1272 936 fuisso
1289 866 1426 936 invidos

379 992 417 1052 ct
434 981 635 1066 malevolos,
653 991 691 1054 et
708 985 783 1054 sine
799 983 947 1054 caritate
965 982 1223 1051 contentiosos:
1250 987 1288 1049 et
1305 989 1425 1049 tamen

380 1098 617 1190 baptizabant,
645 1120 711 1169 nec
737 1121 860 1169 eorum
885 1099 954 1169 ista
981 1098 1190 1167 detestanda
1217 1096 1425 1188 perversitas

377 1222 636 1283 sacramentum
666 1213 807 1296 Christi,
834 1214 926 1305 quod
958 1236 1022 1305 per
1051 1234 1111 1282 eos
1141 1211 1359 1281 tractabatur
1387 1219 1425 1279 et

378 1328 654 1420 dispensabatur,
677 1329 795 1421 aliqua
818 1351 864 1399 ex
891 1339 992 1422 parte
1019 1327 1203 1398 minuebat
1229 1335 1335 1419 atquc
1351 1327 1426 1397 vio·

378 1442 485 1514 labat.

428 1558 558 1629 Totum
582 1583 666 1630 sane
689 1560 802 1653 ipsum
830 1559 948 1630 locum
974 1560 1011 1628 in
1037 1559 1161 1628 eadem
1185 1559 1229 1628 ad
1248 1558 1423 1652 Magnum
1433 1577 1497 1628 cn.
1505 1593 1544 1643 50.

377 1673 528 1765 epistola
543 1677 696 1767 positum
711 1698 824 1768 operae
841 1676 995 1767 pretium
1009 1682 1063 1744 est
1080 1682 1305 1765 pertractare,
1316 1698 1422 1766 quem

376 1791 429 1858 ita
445 1792 639 1860 contexuit.
691 1789 773 1861 Non
790 1788 956 1872 bolitano,
973 1790 1101 1882 inquit,
1119 1790 1157 1858 in
1174 1788 1274 1859 domo
1290 1788 1371 1873 Dei,
1385 1787 1426 1861 id

375 1911 434 1986 est,
454 1905 491 1975 in
507 1904 663 2002 anusia
683 1903 829 1992 Christi,
847 1906 885 1976 in
903 1929 971 2000 qua
994 1928 1064 1975 non
1086 1904 1158 1974 nisi
1175 1904 1356 1975 concordes
1372 1914 1423 1977 at·

376 2043 442 2113 que
468 2022 647 2092 unuriimes
675 2019 840 2106 habitant,
862 2020 1016 2115 loquente
1046 2021 1083 2090 in
1109 2018 1262 2091 Psalmis
1282 2019 1422 2114 Spiritu
1432 2040 1493 2091 rat
1506 2041 1574 2091 uni.

375 2147 503 2221 sanato,
521 2148 552 2209 et
568 2138 708 2220 dicente,
726 2135 823 2209 Deus
843 2139 904 2233 qui
927 2136 1119 2207 inhabitare
1131 2134 1227 2232 facit
1244 2140 1422 2209 unanimes
1432 2118 1454 2169 ⁷'

375 2253 416 2322 in
444 2251 554 2324 dorna.
604 2252 764 2348 Denique
792 2252 1038 2323 'unanimitate
1068 2247 1288 2324 Christianos
1310 2251 1423 2344 firma

374 2366 444 2439 sibi
469 2377 569 2463 atque
595 2367 818 2463 inseparabili
844 2368 988 2439 cantate
1014 2389 1194 2449 connenos,
1217 2367 1318 2437 etiam
1345 2367 1423 2462 ipsa

374 2482 563 2556 Dominiea
580 2485 753 2578 ueneficio
767 2482 952 2553 declarant.
987 2480 1080 2551 Nam
1098 2480 1233 2576 qnando
1246 2480 1558 2555 Dominarum.

374 2621 499 2693 empus
527 2623 626 2670 suum
655 2623 781 2694 ponem
811 2606 918 2681 uocat,
944 2595 987 2666 de
1017 2594 1199 2667 mutorum
1228 2583 1467 2693 prunorum⁵²'

373 2712 583 2785 adunatione
607 2723 796 2810 conpertum
808 2739 820 2793 ,·
838 2710 1006 2808 populum
1032 2721 1195 2794 nostrum,
1217 2735 1314 2807 quern
1333 2734 1420 2806 por-

374 2828 477 2913 tabat,
495 2829 626 2900 indicat
642 2827 852 2900 adunatum:
882 2839 913 2900 et
933 2826 1070 2921 quando
1094 2828 1294 2924 sanquinem
1319 2850 1418 2897 suum
1428 2847 1520 2927 Mein.

373 2945 490 3016 vinum
509 2943 664 3039 appellat,
682 2944 723 3015 de
739 2942 845 3015 botris
861 2954 961 3038 atque
977 2943 1089 3015 acinis
1101 2941 1266 3037 plunmir
1283 2914 1566 3042 cepres-ff&

373 3084 461 3145 sum,
478 3071 577 3156 atque
603 3061 640 3130 in
666 3085 772 3131 unum
802 3070 953 3131 conatum
965 3086 976 3139 ;
998 3083 1133 3157 plepem
1161 3060 1239 3130 item
1265 3069 1418 3130 nostrum

371 3178 544 3275 sipiii'flcat
568 3178 809 3250 commintione
838 3174 1000 3248 uanam
1026 3174 1257 3247 multitudinis
1283 3174 1419 3270 copuli-

373 3302 455 3364 tum.
509 3293 596 3363 Haec
625 3294 731 3364 verba
759 3294 852 3364 beati
884 3291 1051 3386 Cypriani
1080 3292 1238 3362 indicant
1267 3315 1350 3361 eum
1379 3302 1418 3364 et

373 3408 590 3480 intellexisse
617 3418 656 3479 et
681 3408 845 3479 dilexisse
872 3408 1034 3478 decorem
1062 3407 1187 3477 domus
1212 3407 1292 3487 Dei,
1310 3431 1417 3499 quam

372 3526 518 3595 domum
549 3547 596 3595 ex
623 3524 796 3594 unanimis
821 3533 859 3594 et
884 3524 1114 3594 concordibus
1139 3532 1301 3592 constare
1327 3523 1419 3593 affir-

372 3642 550 3721 maritet
575 3642 696 3710 docuit
718 3640 922 3709 testimonio
947 3639 1163 3731 prophetico,
1185 3648 1223 3708 et
1246 3639 1418 3732 significa

371 3759 469 3828 tione
489 3765 807 3827 sacramentorum:
835 3756 872 3824 in
898 3778 968 3846 qua
993 3757 1117 3847 utique
1142 3778 1211 3823 non
1238 3764 1338 3825 erant
1364 3754 1415 3825 illi

372 3872 493 3953 invidi,
511 3883 549 3941 et
574 3872 648 3940 sine
674 3871 820 3940 caritate
846 3868 1022 3951 malevoli,
1041 3870 1100 3960 qui
1118 3877 1237 3940 tamen
1261 3870 1417 3960 baptiza·

373 3989 471 4057 bant.
523 3987 579 4055 Ex
597 4011 667 4079 quo
684 3996 829 4079 apparet
846 3987 937 4055 etin
956 3986 1006 4054 eis
1023 4008 1099 4055 esse
1116 4008 1228 4076 posse,
1247 3995 1354 4077 atque
1371 3985 1417 4055 ab

371 4105 422 4172 eis
440 4102 515 4171 dari
533 4125 634 4194 posse
657 4110 916 4172 sacramentum
933 4097 1076 4182 Christi,
1095 4100 1155 4191 qui
1178 4124 1248 4169 non
1274 4109 1356 4170 sunt
1378 4101 1415 4171 in

411 4318 425 4348 ²
440 4307 525 4382 Apud
540 4307 626 4382 Cypr.
643 4308 842 4363 unanimitatem
855 4306 1038 4362 Christianam
1047 4305 1133 4380 firma
1147 4306 1294 4379 sitiatque
1308 4306 1414 4379 inrepa-

369 4406 450 4462 rabili
465 4406 580 4462 caritate
594 4423 745 4461 cannetum.
