3900 5167
434 458 500 528 276
807 456 841 521 S.
857 456 1129 523 AUGUSTINI

435 640 663 724 corporentur
685 626 867 711 Ecclesiae,
891 638 928 699 et
957 627 1001 700 ad
1032 627 1131 700 illam
1160 628 1364 701 columbam
1394 629 1478 701 inci-

435 747 534 839 piant
545 747 731 839 pcrtinere‚
743 745 843 837 cujus
859 753 1116 815 sacramentum
1130 743 1333 815 habebant:
1351 753 1390 815 at
1401 746 1478 816 idco

435 864 529 955 quod
556 864 631 954 ejus
660 885 731 932 uon
761 860 948 940 habebant,
974 862 1026 931 eis
1052 862 1166 942 datur,
1191 861 1228 930 id
1256 871 1322 944 est,
1347 885 1419 954 pax
1444 871 1480 932 et

297 989 362 1039 Tim·
375 990 392 1039 1·
401 1003 424 1054 s·
434 978 560 1048 carius
589 976 633 1047 de
663 978 768 1047 corde
797 999 896 1068 puro,
918 984 956 1045 et
981 976 1195 1047 conscientia
1222 976 1326 1058 bona,
1347 987 1387 1047 et
1412 976 1480 1046 fide

433 1115 504 1162 non
529 1092 623 1162 ficta.
675 1092 779 1175 Quod
807 1101 926 1162 autem
954 1092 1031 1184 ejus
1056 1090 1245 1173 habebant,
1268 1094 1481 1185 agnoscitur,

433 1217 472 1278 et
492 1209 568 1278 sinc
588 1206 662 1278 ulla
682 1206 898 1278 contumelia
920 1207 1129 1299 suscipitur:
1154 1207 1249 1278 sicut
1265 1206 1303 1278 in
1321 1208 1481 1279 adultera

435 1321 533 1393 Deus
562 1325 722 1417 agnoscit
751 1324 843 1394 dona
874 1345 948 1406 sua,
976 1324 1086 1394 etiam
1116 1345 1199 1394 cum
1228 1322 1292 1395 illa
1320 1326 1481 1417 sequitur

432 1449 609 1510 amatores
634 1462 735 1523 su0s3
761 1441 844 1531 quia
869 1440 1100 1511 fornicatione
1122 1448 1309 1526 'correcta
1327 1464 1411 1512 cum
1436 1442 1479 1513 ad

432 1553 632 1624 castitatem
656 1555 884 1637 convertitur,
901 1576 973 1624 non
998 1554 1091 1625 dona
1115 1553 1177 1624 illa
1199 1554 1402 1647 culpantur,
1420 1556 1479 1625 sed

431 1669 507 1761 ipsa
532 1673 750 1742 emendatur.
802 1670 904 1742 Sicut
933 1694 972 1742 se
997 1680 1119 1742 autem
1144 1680 1264 1762 posset
1289 1672 1479 1743 defendere

325 1790 328 1793 ’
433 1784 636 1877 Cyprianus,
655 1790 683 1858 si
708 1788 774 1857 hoc
795 1790 828 1857 ei
845 1785 1019 1858 Johaunis
1044 1788 1288 1857 testimonium
1313 1787 1480 1880 objicere-

433 1907 503 1984 tur,
522 1905 663 1994 quando
680 1901 811 1974 talibus
833 1902 1139 1985 communicabam
1165 1904 1216 1973 ita
1232 1925 1270 1974 se
1288 1903 1478 1974 defendant

434 2027 557 2089 contra
573 2044 661 2112 quos
678 2020 816 2091 dicitur.
868 2020 964 2089 Nam
986 2018 1031 2089 ad
1051 2020 1157 2089 istam
1178 2020 1422 2109 questionem,
1440 2028 1479 2090 ut

292 2162 424 2213 roomo.
435 2138 519 2220 dixi,
549 2139 693 2207 omnino
726 2160 798 2207 non
828 2136 993 2230 pertinet.
1044 2133 1227 2206 lohannes
1256 2137 1354 2205 enim
1384 2135 1477 2218 dicit,

433 2257 557 2329 alienae
574 2253 741 2324 doctrina
758 2253 959 2322 hominibus
979 2249 1059 2321 Ave
1077 2273 1148 2320 non
1168 2273 1247 2321 esse
1269 2251 1477 2322 dicendum:

327 2399 381 2432 cv·
411 2369 566 2440 -Paulus
593 2377 713 2438 autem
740 2365 920 2460 apostolus
942 2366 1187 2437 vehementius
1212 2366 1310 2450 dicit,
1336 2366 1376 2437 Si
1402 2370 1478 2459 quis

302 2483 309 2496 '
431 2487 539 2556 frater
564 2484 765 2553 nominatur
788 2485 960 2553 intervos
985 2492 1047 2552 aut
1072 2505 1208 2564 avarus,
1225 2492 1288 2553 aut
1311 2484 1477 2566 ebriosus,

430 2609 468 2669 et
493 2610 621 2681 cetera,
645 2622 727 2669 oum
751 2598 923 2691 ejusmodi
952 2622 1018 2669 nec
1049 2599 1192 2690 quidem
1222 2599 1344 2669 cibum
1374 2600 1476 2671 simul

430 2741 587 2789 sumere:
614 2727 652 2787 et
674 2728 794 2788 tamen
820 2741 902 2787 cum
928 2715 1074 2809 collegis
1100 2717 1380 2799 faeneratoribus,
1398 2720 1478 2788 insi·

431 2836 545 2916 diosiS,
564 2835 833 2916 fraudatoribus,
856 2834 1062 2924 raptoribus,
1085 2857 1156 2903 non
1182 2834 1356 2924 privatam
1382 2856 1478 2903 men-

432 2974 515 3031 sam,
543 2949 603 3019 sed
630 2950 698 3018 Dei
729 2948 840 3018 altare
871 2949 1024 3017 habebat
1055 2971 1242 3016 commune
1274 2948 1476 3040 Cyprianus.

432 3066 619 3148 Quomodo
645 3074 765 3134 autem
795 3065 861 3134 hoc
890 3065 1109 3143 defendatur,
1121 3063 1197 3154 jam
1223 3066 1259 3132 in
1284 3064 1363 3134 aliis
1383 3064 1478 3134 libris

432 3182 516 3251 satis
534 3181 668 3251 dictum
689 3189 754 3250 est.

483 3297 625 3366 Litteus
641 3320 662 3365 a
680 3294 852 3365 Gemellis
870 3296 982 3364 dixit:
1013 3295 1133 3369 Crocus
1160 3320 1284 3366 caecum
1310 3300 1343 3367 si
1368 3297 1478 3379 ducat,

302 3494 307 3506 ¹
432 3408 529 3480 ambo
547 3409 732 3502 insooeom
751 3408 884 3480 cudunt.
939 3407 1027 3480 Cum
1051 3433 1130 3504 capo
1153 3408 1330 3481 tce-reticos
1356 3421 1478 3482 coastat

433 3549 501 3595 noa
522 3549 624 3619 posse
650 3524 848 3596 illuminare
874 3548 1084 3618 quarumnam,
1106 3534 1220 3619 utpote
1247 3551 1376 3607 coecos;
1400 3527 1478 3622 bop-

433 3640 534 3710 tismu
552 3664 668 3711 eorum
687 3664 755 3710 aon
773 3639 869 3711 avolet.

485 3757 564 3826 Nec
582 3780 645 3825 nos
663 3757 813 3826 dicimus
827 3756 943 3825 valere
961 3757 1005 3825 ad
1024 3756 1175 3826 salutem
1189 3758 1358 3848 quamdiu
1373 3759 1478 3828 baere-

433 3875 493 3942 tici
521 3881 612 3953 sunt,
639 3873 745 3941 ¹sicut
776 3880 813 3940 et
844 3870 911 3938 illis
942 3870 1126 3940 homicidis
1156 3874 1324 3961 quamdiu
1356 3875 1478 3943 fratres

433 3988 605 4057 oderunt:
633 4010 712 4056 nam
739 3997 776 4055 et
800 3987 865 4077 ipsi
883 3986 918 4054 in
938 3986 1093 4054 tenebris
1111 3996 1205 4068 sunt,
1224 3988 1305 4056 etsi
1325 3988 1403 4078 quis
1420 4011 1477 4057 eos

474 4152 586 4215 ⁵Editi,
602 4160 748 4224 corrupta:
771 4149 914 4205 mendose.
953 4149 1031 4220 (Hoc
1048 4148 1146 4204 melius
1161 4150 1222 4204 cod.
1239 4150 1310 4206 alter
1324 4169 1404 4206 meus
1419 4170 1475 4206 cor·

433 4257 518 4321 repta,
535 4248 584 4303 sed
601 4248 706 4321 optime
721 4249 807 4303 habet
821 4255 944 4302 correcta
959 4265 1039 4302 meus
1054 4247 1152 4319 prior.)

645 4367 651 4388 ¹
668 4362 746 4433 [For.
762 4362 924 4434 legendum,
942 4361 1014 4416 sicut
1029 4380 1081 4416 nec
1098 4360 1171 4416 valet
1186 4360 1263 4432 illis]
