3900 5167
819 447 1130 513 DISPUTATIO.
1432 451 1496 516 175

450 619 533 691 belli
551 618 799 703 toleraverant,
816 630 1028 713 procuraret,
1046 620 1190 711 quidam
1214 622 1247 691 ei
1270 622 1414 691 nuntius
1431 622 1497 692 im·

450 744 622 824 portunus
635 758 830 817 occurrens,
842 737 886 804 de
899 736 1004 805 rebus
1018 736 1221 805 domesticis
1234 757 1421 827 suggerere
1434 736 1497 806 ali-

450 870 519 937 qua
544 849 663 941 coepit.
715 848 770 919 At
795 849 856 919 ille
878 850 1071 919 admiratus
1094 860 1149 918 est
1174 850 1368 930 audaciam,
1389 859 1496 941 atque

450 961 689 1051 importunam
706 964 979 1057 suggestionem,
997 972 1035 1033 et
1054 964 1158 1032 morti
1176 964 1315 1033 tradere
1337 964 1497 1054 hujusce·

450 1076 547 1145 modi
576 1077 757 1147 hominem
788 1078 987 1170 cogitabat3
1012 1078 1106 1169 quod
1136 1078 1201 1147 nisi
1234 1078 1278 1147 de
1312 1079 1496 1150 carissimis

450 1189 635 1261 affectibus
652 1192 733 1262 talis
749 1195 895 1262 nuntius
915 1193 1104 1273 extitisset,
1122 1216 1164 1261 eo
1182 1194 1275 1283 quod
1303 1191 1496 1262 incolumes

449 1328 526 1375 esse
552 1306 626 1388 hos,
644 1318 682 1377 et
709 1318 806 1378 recte
830 1331 872 1378 ac
899 1330 1065 1399 prospere
1091 1317 1237 1399 agentes
1263 1308 1381 1378 omnia
1406 1331 1497 1377 nun·

450 1420 582 1501 tiasset,
597 1420 743 1514 dignum
762 1424 921 1514 protinus
939 1424 1056 1514 potuit
1075 1423 1254 1513 excepisse
1272 1421 1494 1514 supplicium.

450 1532 540 1617 Quae
565 1536 660 1605 enim
684 1546 760 1606 erat
785 1560 869 1607 cura
889 1538 958 1607 alia
975 1537 1077 1629 regis,
1096 1536 1179 1606 belli
1205 1537 1379 1607 duntaxat
1406 1547 1496 1607 tem-

450 1670 546 1739 pore,
562 1651 631 1720 nisi
654 1651 918 1741 provincialium
943 1652 1046 1733 salus,
1065 1653 1129 1721 nisi
1156 1652 1336 1744 dispositio
1353 1655 1406 1722 rei
1431 1655 1497 1722 mi·

451 1763 586 1835 lituris?
613 1764 672 1836 Ita
696 1775 733 1836 et
759 1767 913 1837 Domino
936 1790 1018 1837 meo
1042 1764 1131 1836 Jesu
1157 1766 1298 1835 Christo
1325 1769 1495 1861 pugnanti

450 1878 635 1948 adversum
661 1883 944 1972 passionesque}
969 1882 1143 1973 profunda
1161 1883 1330 1951 viseerum
1349 1883 1496 1952 obsede-

451 2001 541 2072 rant,
559 2002 597 2062 et
615 2001 754 2065 ¹curans
780 1996 921 2087 eosqui
948 1994 1062 2064 multo
1085 2005 1245 2086 tempore
1273 1996 1375 2065 variis
1401 1997 1496 2065 infir·

450 2106 635 2179 mitatibns
659 2110 801 2179 fuerant
831 2111 996 2191 devincti,
1023 2120 1060 2179 et
1090 2109 1258 2180 inclinato
1289 2112 1384 2179 omni
1417 2114 1495 2181 nisu

450 2249 514 2319 pro
537 2221 652 2296 salute
674 2227 932 2307 universitatis;
958 2225 1019 2295 ille
1042 2226 1187 2294 nuntius
1213 2227 1412 2317 importune
1436 2227 1493 2296 ad-

451 2341 596 2410 veniens
613 2339 657 2408 de
674 2348 788 2407 matre
813 2349 852 2408 et
877 2339 1042 2408 fratribus
1063 2339 1250 2407 nuntiavit.
1304 2339 1352 2407 Et
1378 2343 1495 2430 potuit

450 2454 593 2545 quidem
624 2452 775 2523 similem
807 2452 924 2534 Petro,
950 2454 1147 2523 autetiam
1172 2454 1368 2546 graviorem
1396 2477 1496 2524 acce-

450 2569 543 2660 pisse
567 2570 801 2651 sententiam
826 2570 888 2639 sed
905 2571 1028 2637 matris
1045 2578 1082 2637 et
1100 2568 1247 2636 fratrum
1272 2567 1493 2638 intellectum

451 2705 581 2752 nomen
598 2682 823 2753 clementiam
841 2684 1055 2773 provocavit.

501 2796 646 2867 XLIX.
674 2797 743 2867 Sed
762 2798 968 2889 etamplius
994 2799 1111 2867 adhuc
1130 2798 1293 2866 omuibus
1310 2799 1495 2868 ostendere

451 2915 567 3005 cupio,
593 2922 634 2982 ut
660 2924 852 3005 agnoscant
876 2914 1038 2995 universi,
1062 2914 1207 2981 assertio
1234 2921 1296 2982 tua
1321 2922 1495 3003 quantum

448 3028 644 3120 impietatis
677 3028 848 3098 obtineat.
902 3028 940 3097 Si
970 3031 1075 3110 enim,
1105 3030 1297 3098 secundum
1328 3038 1368 3097 tu
1399 3028 1494 3111 dicis,

451 3164 520 3212 non
547 3151 602 3211 est
623 3153 737 3225 natus,
754 3144 830 3212 sine
851 3143 959 3213 dubio
976 3167 1043 3213 nec
1068 3166 1188 3235 passus
1210 3154 1284 3225 est;
1307 3144 1381 3234 pati
1399 3144 1494 3213 enim

450 3259 509 3348 qui
529 3266 633 3327 natus
648 3280 717 3327 non
736 3268 800 3337 est,
818 3258 1034 3351 impossibile
1051 3268 1115 3327 est.
1167 3258 1272 3340 Quod
1298 3259 1327 3327 si
1351 3281 1420 3326 non
1439 3268 1494 3328 est

451 3394 581 3464 passus,
607 3371 729 3442 Crucis
756 3396 884 3441 nomen
912 3374 1081 3443 aufertur.
1133 3374 1247 3443 Cruce
1275 3383 1395 3443 autem
1423 3396 1494 3441 non

451 3498 624 3579 suscepta,
649 3510 715 3557 nec
741 3485 846 3557 Jesus
872 3511 918 3556 ex
945 3489 1094 3557 mortuis
1117 3488 1319 3557 resurrexit.
1373 3486 1493 3570 ’Quod

451 3602 478 3670 si
494 3598 602 3669 Jesus
619 3622 665 3668 ex
683 3598 830 3669 mortuis
854 3622 923 3667 non
945 3600 1145 3678 resurrexit,
1165 3620 1229 3666 uec
1256 3598 1381 3687 aliquis
1406 3596 1495 3667 alius

451 3724 619 3807 resurget.
655 3713 758 3797 Quod
776 3716 805 3785 si
823 3714 940 3783 nullus
958 3725 1127 3806 resurget,
1145 3736 1211 3783 nec
1222 3713 1398 3805 judicium
1416 3714 1494 3784 erit.

452 3830 598 3900 Certum
616 3841 671 3899 est
688 3832 793 3911 enim,
811 3830 894 3920 quia
914 3831 944 3898 si
964 3853 1035 3898 uon
1053 3851 1243 3921 resurgam,
1260 3851 1326 3898 nec
1344 3828 1494 3919 judicer.

452 3945 553 4029 Quod
583 3946 708 4015 sinon
733 3945 908 4037 judicium
936 3946 1015 4027 erit,
1046 3945 1173 4013 frustra
1202 3946 1270 4013 erit
1297 3944 1494 4013 observatio

452 4061 695 4130 mandatorum
714 4060 793 4141 Dei,
811 4060 929 4130 nullus
942 4061 1162 4130 abstinentis¹
1184 4058 1281 4128 locus
1299 4069 1362 4138 est,
1380 4066 1495 4127 3πιππ-

491 4254 498 4276 ¹
516 4247 696 4320 [Ponendum
708 4258 752 4303 est
766 4248 873 4304 curanti
886 4267 937 4323 pro
952 4248 1073 4318 curans]
1145 4249 1153 4270 ¹
1170 4244 1307 4316 [Secutus
1321 4252 1365 4300 est
1379 4254 1493 4316 aposto-

453 4345 550 4401 lumin
571 4364 580 4400 1
602 4346 668 4401 Cor.
686 4365 729 4401 xv.
747 4348 820 4402 idem
836 4348 1010 4419 docentem]
1121 4356 1130 4385 ³
1149 4365 1158 4400 1
1179 4346 1245 4400 Cor.
1260 4365 1307 4401 xv.
1323 4362 1372 4418 32·
