3900 5167
535 449 598 511 188
756 448 1009 511 ARCHELAI
1043 449 1105 511 ΕΤ
1137 447 1357 513 MANETIS

534 624 568 691 ei
594 623 652 691 isti
670 631 823 712 quatuor
847 619 937 702 libri,
954 630 992 691 et
1014 643 1104 690 unus
1128 620 1318 713 discipulus
1335 622 1499 741 'nemine
1514 622 1577 691 Te-

534 739 729 809 rebinthus.
782 737 876 821 Quia
904 760 988 829 ergo
1014 735 1233 827 aliquantum
1263 737 1433 830 temporis
1459 759 1574 808 secum

533 856 592 924 isti
626 854 731 923 ambo
766 854 995 923 decreverant
1027 850 1091 922 soli
1125 851 1295 934 habitare,
1326 851 1462 944 placuit
1495 852 1577 944 Scy·

533 969 656 1039 thiano
682 970 874 1038 discurrere
901 970 937 1037 in
963 965 1139 1050 Judaeam,
1165 978 1206 1038 ut
1232 969 1280 1038 ibi
1306 967 1577 1061 congrederetur

531 1106 614 1153 curn
646 1084 818 1164 omuibus,
845 1085 1044 1175 quicunque
1073 1082 1122 1151 ihi
1153 1082 1364 1153 videbantur
1390 1107 1468 1155 esse
1497 1086 1577 1157 doc·

532 1209 637 1280 tores,
663 1210 701 1268 et
725 1198 886 1289 pervenit
917 1220 998 1265 eum
1030 1197 1198 1266 continuo
1225 1197 1299 1267 vita
1328 1199 1486 1293 defungi,
1513 1224 1576 1272 nec

533 1314 688 1405 potuisse
717 1311 849 1402 aliquid
884 1333 1100 1402 promovere.
1152 1310 1238 1381 ⁸Ille
1267 1336 1351 1383 vero
1377 1314 1575 1408 discipulus,

532 1430 591 1519 qui
618 1450 699 1497 cum
717 1451 760 1496 eo
777 1426 893 1495 fuerat
910 1434 1147 1508 conversatus,
1164 1427 1200 1495 in
1226 1427 1346 1521 fugam
1367 1451 1488 1501 versus
1514 1444 1576 1513 est,

532 1553 569 1612 et
588 1541 818 1634 Babyloniam
836 1540 940 1631 petiit
957 1542 1050 1630 tquae
1076 1563 1170 1610 nunc
1196 1544 1373 1633 provincia
1390 1544 1576 1617 habetura

532 1658 659 1742 Persis,
677 1681 828 1749 quaeque
846 1657 946 1726 abest
962 1678 1058 1725 nunc
1075 1678 1096 1725 a
1113 1655 1198 1727 locis
1215 1660 1341 1729 nostris
1359 1661 1488 1732 itinere
1505 1664 1576 1733 die-

532 1797 611 1843 rum
629 1783 667 1845 et
684 1774 841 1843 noctium
861 1772 972 1840 ferme
991 1794 1074 1854 sex;
1098 1795 1169 1863 quo
1186 1797 1267 1843 cum
1285 1777 1450 1859 venisset,
1468 1779 1574 1849 talem

532 1890 577 1959 de
607 1912 645 1958 se
673 1888 803 1957 famam
833 1885 1054 1979 pervulgarit
1082 1887 1157 1979 ipse
1186 1888 1430 1973 Terebinthus‚
1457 1894 1575 1964 dicens

531 2006 627 2073 omni
653 2026 690 2073 se
716 2004 887 2095 sapientia
912 2000 1157 2094 AEgyptiorum
1185 2004 1372 2095 repletum,
1397 2016 1436 2076 et
1464 2011 1573 2080 vocari

530 2140 602 2187 non
621 2120 697 2210 jam
715 2118 979 2196 Terebinthum,
999 2116 1080 2185 used
1106 2118 1216 2187 alium
1234 2118 1396 2190 Buddam
1421 2126 1572 2207 nomine,

531 2234 668 2325 sibique
699 2235 764 2303 hoc
795 2255 924 2302 nornen
955 2232 1170 2323 impositum,
1199 2257 1245 2303 ex
1272 2237 1424 2326 quadam
1454 2250 1572 2310 autem

529 2350 664 2443 virgine
690 2360 812 2419 natum
830 2360 890 2420 ¹se
915 2371 1002 2430 esse,
1019 2347 1124 2417 simul
1142 2358 1179 2418 et
1199 2351 1243 2420 ab
1260 2350 1403 2445 Angelo
1421 2356 1459 2424 in
1477 2380 1572 2427 mon-

530 2465 626 2535 tibus
642 2468 847 2535 enutritum.
898 2464 1053 2533 rParous
1070 2487 1152 2534 vero
1169 2467 1313 2556 quidam
1331 2468 1520 2562 Propheta,
1537 2483 1572 2544 et

570 2640 583 2669 ¹
604 2629 684 2686 Idem
705 2630 767 2685 cod.
787 2630 854 2687 Vat.
877 2631 981 2685 nomiae
1000 2626 1175 2700 Teryleueus.
1213 2628 1300 2692 Quum
1321 2650 1387 2704 ergo
1410 2634 1571 2711 aliquantum

530 2711 657 2783 terporis
673 2729 760 2766 secum
779 2715 825 2769 isti
844 2715 920 2770 ambo
937 2716 1123 2786 decremsseat,
1137 2726 1190 2781 soli
1205 2726 1311 2801 placuit
1329 2729 1461 2789 Statiano
1480 2754 1570 2791 ercar-

528 2825 588 2861 rere
598 2808 626 2862 in
639 2807 770 2864 Judaeum.
794 2809 841 2868 Sic
854 2812 927 2869 infra
941 2816 1043 2892 ubique
1054 2829 1137 2877 vocat
1150 2821 1355 2897 Terybeneum.

571 2913 582 2943 ⁸
604 2904 683 2960 Idem
699 2906 806 2963 codex:
828 2910 873 2964 ille
886 2932 949 2969 vero
960 2917 1107 2991 dissupatas
1121 2921 1248 2987 omnibus,
1263 2943 1419 3000 quacunque
1433 2930 1493 3000 cy'us
1504 2930 1570 3004 sae-

529 3009 600 3062 rant,
616 3006 795 3077 conmotis,
811 3007 944 3083 iasuqam
959 3031 1054 3069 cereus
1072 3025 1122 3071 cst.
1158 3018 1241 3083 Mox,
1253 3023 1395 3093 provincia
1410 3023 1572 3083 habitatura

530 3097 634 3165 Persis,
649 3118 710 3171 pr0,
726 3100 846 3157 habetur.
884 3106 921 3161 Et
942 3110 1036 3183 paullo
1051 3122 1124 3185 post,
1140 3117 1233 3170 vocari
1238 3117 1300 3188 jam
1314 3137 1364 3174 aaa
1384 3122 1571 3196 Taybencum,

527 3188 575 3243 sed
588 3189 721 3247 Buddam.

568 3285 579 3324 t
594 3286 673 3343 Nota
687 3308 831 3365 quousque
846 3298 1066 3356 extenderentur
1080 3302 1194 3377 Imperii
1206 3305 1326 3362 Romani
1340 3308 1445 3366 limites
1457 3322 1570 3371 cotem-

527 3399 605 3453 pore,
621 3402 677 3456 quo
691 3387 844 3444 Archelaus
856 3411 920 3447 cum
932 3393 1049 3452 Manete
1064 3398 1223 3472 disputavit.

570 3487 585 3517 ¹¹
607 3478 682 3536 Mire
696 3481 742 3538 hic
757 3503 818 3541 sese
833 3489 922 3544 exerit
943 3490 1058 3557 librarii,
1073 3496 1120 3568 qui
1136 3497 1320 3555 Casinensem
1331 3503 1459 3560 codicem
1474 3526 1570 3565 exara·

527 3574 577 3641 vit,
600 3577 764 3646 oscitantia,
788 3584 899 3657 scripsit
922 3588 1006 3652 enirn,
1027 3591 1075 3645 sed
1091 3592 1167 3648 aliud
1183 3597 1320 3667 cujusdam
1339 3602 1451 3657 nomiae.
1473 3604 1570 3678 legen-

528 3675 595 3729 dum
617 3685 710 3733 cutem
726 3698 796 3745 csse,
811 3682 859 3736 sed
876 3683 958 3738 alium
972 3686 1096 3743 Buddam
1117 3692 1227 3758 nomiae,
1244 3694 1343 3769 Cyrilli
1365 3697 1570 3777 Hierosolymi-

527 3772 595 3837 tcni,
621 3774 780 3848 Epiphanii‚
806 3788 834 3833 ct
859 3780 976 3835 aliorum
1006 3786 1181 3843 narrationes
1204 3790 1296 3862 palam
1321 3793 1462 3853 evincunt.
1494 3800 1569 3872 (For.

528 3869 716 3935 scribendum,
732 3873 780 3927 sed
792 3875 846 3930 alio
862 3876 984 3933 Buddam
998 3883 1124 3953 nominc.)

568 3977 583 4007 ¹
605 3968 684 4024 ldem
704 3971 765 4026 cod.
782 3972 848 4028 Vat.
868 3993 897 4029 se
917 3995 974 4031 esse
993 3980 1145 4047 simulabat,
1160 3992 1185 4038 et
1207 3984 1240 4039 ab
1255 3986 1368 4061 Aaqelo.
1405 3990 1478 4047 Mox
1493 4013 1567 4055 vero,

527 4063 669 4121 Labdacus
683 4067 772 4123 Metri
785 4071 867 4143 filius
883 4093 934 4146 pro
949 4075 1262 4154 Mithra—qnotidie
1281 4085 1351 4138 satis
1369 4087 1490 4144 aninrcsa
1511 4109 1566 4145 cer·

526 4162 594 4216 tatio
609 4164 640 4217 de
654 4164 803 4234 lrpacmodi
817 4171 930 4242 necatio.

568 4268 582 4311 l
605 4259 648 4315 De
676 4262 720 4316 his
749 4264 895 4323 Persarum
922 4268 1131 4337 Sacerdotibus,
1157 4275 1220 4332 vide
1246 4277 1433 4351 Epiphaniam
1459 4284 1487 4340 in
1516 4285 1565 4339 hac

527 4353 626 4412 haeresi
641 4378 717 4414 num.
735 4378 762 4432 3.
778 4372 806 4418 et
820 4383 872 4419 nos
887 4366 915 4420 in
930 4367 1153 4428 Manichaeorum
1171 4373 1305 4431 Historia.
