3900 5167
933 970 1187 1068 ACTA

577 1216 924 1291 DISPUTATION
926 1215 973 1287 IS
1008 1213 1276 1287 ARCHELAI
1311 1211 1539 1287 EPISOOPI

858 1363 1255 1446 MESOPOTAMIAE,

677 1570 753 1635 (QUI
771 1568 928 1619 FLORUI'l'
946 1570 1115 1619 cmcrruu
1131 1571 1191 1619 AN.
1206 1570 1349 1620 CHRISTI
1366 1570 1437 1633 278.)

641 1742 710 1805 ΕΤ
745 1742 995 1805 MANETIS
1031 1741 1474 1806 HAERESIARCHAE.

953 1968 1171 2001 ---0--·

819 2144 905 2229 [Vel.
922 2143 1042 2208 Latina
1057 2143 1298 2229 Interpretctio]

538 2249 876 2363 THESAURUS
910 2314 1022 2375 verus,
1053 2293 1126 2361 sive
1160 2292 1353 2384 disputatio
1387 2290 1509 2360 habita
1542 2290 1579 2359 in

536 2407 711 2479 ⁸Carcbar
735 2410 879 2479 civitate
906 2408 1184 2501 Mesopotamiae,
1201 2408 1444 2500 judicantibus
1470 2403 1579 2477 bMa·

536 2526 654 2617 nipp0‚
673 2534 710 2594 et
727 2523 897 2617 AEgialec‚
916 2534 954 2595 et
972 2524 1186 2606 Claudiaet
1209 2523 1390 2594 Clecbolc.
1443 2521 1487 2592 Iu
1513 2544 1581 2614 qua

536 2640 625 2709 urbe
651 2638 919 2731 Mesopotamia
945 2649 1021 2710 erat
1047 2641 1191 2732 quidam
1217 2642 1279 2721 vir,
1301 2638 1495 2710 Marcellus
1521 2662 1582 2709 nc-

537 2756 643 2835 minc,
662 2756 722 2847 qui
748 2757 830 2837 vita,
849 2765 886 2825 et
912 2757 1049 2842 studiis,
1066 2767 1104 2827 et
1128 2779 1268 2850 genere,
1286 2758 1472 2848 prudentia
1497 2779 1583 2848 quo-

538 2893 616 2962 que,
628 2878 665 2939 et
679 2869 863 2939 honestate
879 2870 981 2941 valde
994 2871 1107 2942 clarus
1120 2872 1336 2954 habebatur;
1354 2870 1582 2942 facultatibus

539 2987 646 3056 etiam
670 2986 840 3077 copiosus,
858 2995 896 3055 et
913 2986 1006 3077 quod
1025 2988 1183 3056 omnium
1201 2987 1395 3055 maximum
1421 2994 1486 3068 est,
1503 2985 1583 3056 reli·

538 3103 733 3195 giosissime
768 3100 886 3171 Deum
921 3102 1060 3183 timeae,
1091 3110 1129 3170 et
1162 3102 1216 3171 his
1249 3124 1327 3193 quaa
1360 3101 1405 3171 de
1441 3100 1583 3171 Christo

540 3218 755 3300 dicebantur,
774 3240 912 3309 semper
928 3242 1009 3288 cum
1028 3220 1156 3288 timore
1176 3217 1385 3299 auscultans,
1404 3240 1469 3287 nec
1487 3220 1584 3309 quic·

540 3357 646 3426 quarn
664 3335 807 3405 omnino
824 3335 907 3405 boni
925 3344 1010 3417 erat,
1029 3336 1123 3427 quod
1141 3335 1192 3403 illi
1210 3336 1284 3404 viro
1302 3335 1460 3413 deessem
1488 3337 1583 3405 unde

541 3450 736 3521 ethonore
766 3450 916 3543 plurimo
948 3451 993 3521 ab
1021 3453 1183 3520 universa
1212 3451 1356 3520 civitate
1391 3450 1583 3532 colebatur,

930 3661 1080 3717 Zacacnn
1095 3660 1198 3717 Nora.

582 3767 597 3799 ⁸
618 3757 689 3813 Haec
706 3757 805 3814 eadem
824 3758 891 3814 urbs
910 3757 984 3814 infra
997 3777 1058 3832 cap.
1071 3776 1099 3832 3.
1118 3758 1224 3813 Charra
1239 3764 1363 3820 vocatur,
1378 3775 1436 3812 uon
1453 3757 1584 3823 Carchnr,

541 3863 590 3911 aut
605 3854 735 3921 Casclur,
749 3863 781 3911 ut
798 3855 974 3929 Epiphanius
995 3856 1091 3912 habet.
1133 3855 1229 3923 Quare
1248 3854 1400 3928 disputatio
1418 3854 1473 3911 ista
1489 3856 1586 3914 habita

540 3952 627 4009 fuisse
645 3954 757 4010 videtur
775 3953 849 4028 apud
864 3953 988 4010 Carrhas
1009 3953 1219 4010 celeberrimam
1240 3951 1456 4025 Mesopotamia
1475 3953 1584 4010 urbem.

541 4049 616 4108 Vide
629 4052 711 4127 plura
727 4052 756 4107 iu
771 4050 935 4126 praelatione
949 4059 1056 4116 nostra,
1067 4051 1116 4108 ubi
1130 4051 1165 4107 de
1179 4050 1327 4107 Archelao.
1367 4047 1423 4122 [At
1437 4050 1512 4117 aide,
1524 4070 1585 4125 quae

446 4160 450 4167 “
542 4150 672 4225 opposita
686 4158 752 4206 sunt
766 4168 813 4224 pp.
828 4166 894 4222 ¹30·
909 4167 919 4204 r
925 4166 974 4220 31·
990 4150 1070 4222 134]

582 4243 772 4320 bnamma
787 4254 905 4303 vocatur
925 4247 1000 4321 apud
1020 4245 1208 4320 Epiphanium
1229 4246 1258 4300 in
1278 4244 1389 4301 Haeresi
1408 4243 1584 4301 Manichaeo-

542 4363 604 4400 rum
618 4364 695 4401 num.
709 4361 756 4399 ιο.
