3900 5167
703 441 705 446 ’
748 446 1060 512 DISPUTATIO·
1364 447 1428 515 109

376 622 514 707 occidit,
532 644 595 693 neo
619 644 809 717 qumquam
825 619 985 715 oiurfisut,
1003 628 1053 701 et,
1071 616 1173 708 Quod
1196 617 1253 690 leu
1274 619 1427 691 minute·

377 740 475 810 rium
500 737 622 809 mortis
648 746 706 820 est,
724 737 917 830 mirusque
931 733 1076 829 meruti.
1127 731 1355 806 Ancumaus
1371 754 1428 806 n1·

379 874 460 937 x1'r,
477 851 610 924 'Erras
634 853 787 924 nescium
809 851 1012 945 empturas,
1034 849 1316 943 sequestrum
1334 847 1427 930 Dei:

377 968 485 1040 multi
502 970 598 1039 enim
614 970 723 1040 etiam
741 976 820 1060 post
843 967 1037 1038 adventum
1054 963 1186 1037 Christi
1203 988 1315 1058 usque
1332 988 1427 1036 nune

377 1081 569 1173 perienmt,
583 1088 621 1150 et
638 1087 798 1172 pereunt,
810 1079 849 1149 hi
866 1078 1012 1158 scilieet,
1027 1080 1088 1170 qui
1105 1080 1268 1171 operibus
1278 1080 1428 1171 justitiae

377 1195 554 1266 deservire
583 1194 793 1276 noluerunt;
818 1193 871 1263 illi
896 1217 980 1265 vero
1005 1193 1082 1277 soli,
1108 1195 1168 1285 qui
1199 1206 1428 1286 susceperunt

378 1334 472 1393 enm,
498 1318 537 1381 et
562 1310 768 1402 suscipiunt,
784 1308 1009 1381 ³P0usuum
1035 1319 1235 1403 aeceperunt
1252 1308 1331 1403 filii
1356 1308 1428 1381 Dei

365 1427 466 1521 fieri.
518 1426 604 1497 Non
634 1427 729 1497 enim
759 1448 881 1497 omnes
911 1425 1023 1507 dixit;
1049 1427 1110 1495 sed
1141 1448 1257 1518 neque
1288 1434 1429 1519 tempus

380 1543 596 1627 terminavit,
613 1540 815 1636 Quicunque
839 1541 942 1623 enim,
965 1541 1091 1632 inquit,
1116 1550 1316 1636 nocuerunt
1340 1566 1427 1613 eum.

380 1657 498 1729 Adest
522 1668 643 1728 autem
669 1679 809 1749 semper
825 1656 933 1749 justis
951 1657 1043 1738 viris,
1065 1680 1087 1727 a
1107 1666 1267 1727 creatura
1291 1658 1426 1741 mnndi,

379 1796 447 1844 nee
476 1780 591 1844 eessat
624 1772 801 1864 inquirere
830 1771 1037 1865 sanguinem
1071 1773 1226 1863 ipsorum
1255 1782 1319 1843 ⁴ex
1349 1795 1427 1844 san·

378 1888 489 1982 gains
516 1885 612 1958 Abel
638 1888 741 1982 justi,
770 1910 883 1980 usqne
917 1888 961 1958 ad
997 1888 1203 1980 sanguinem
1233 1887 1424 1959 Zacharioe.

381 2001 489 2073 Unde
518 2024 601 2095 ergo
629 2000 725 2073 Abel
746 2003 876 2095 justus,
898 2010 936 2071 et
965 2000 1018 2071 illi
1048 2023 1170 2072 omnes
1196 2002 1321 2095 reliqui
1342 2014 1428 2096 yper

380 2118 553 2201 ordinem,
586 2117 646 2209 qui
680 2119 775 2188 iuter
800 2117 917 2209 justos
950 2127 1211 2199 enumerantur,
1245 2142 1328 2190 oum
1367 2119 1426 2190 lex

378 2256 452 2304 non
490 2241 584 2303 esset
617 2231 746 2325 Moysi,
782 2254 863 2303 oum
898 2230 1086 2324 Prophetae
1120 2233 1235 2303 oborti
1268 2257 1339 2304 non
1374 2257 1428 2306 es-

379 2357 469 2431 sent,
505 2372 572 2419 neo
609 2349 806 2442 prophetiae
843 2370 972 2419 munus
1005 2348 1241 2440 implessent?
1295 2348 1428 2420 Nonne

372 2466 464 2559 justi
481 2463 598 2535 effecti
617 2474 699 2535 sunt
720 2487 766 2535 ex
789 2486 832 2535 eo
856 2464 950 2555 qnod
977 2462 1093 2556 legem
1119 2464 1324 2557 implebant,
1343 2462 1426 2535 ⁵0³-

379 2578 520 2652 teudem
548 2580 780 2674 unuquisque
808 2602 924 2651 eorum
953 2591 1059 2673 ¹opus
1087 2577 1171 2676 lepis
1196 2581 1362 2675 seriptum
1389 2580 1428 2650 iu

379 2693 539 2767 sordibus
572 2694 656 2776 aurs,
686 2694 915 2766 testimonium
945 2692 1106 2765 reddente
1139 2696 1188 2766 eis
1222 2696 1428 2767 conservitio

378 2810 476 2883 uso?
502 2810 594 2882 Cum
611 2812 706 2881 enim
724 2812 803 2902 quis
824 2810 940 2904 legem
958 2833 1030 2880 non
1047 2810 1190 2894 habens,
1207 2811 1427 2894 naturaliter,

379 2949 459 3019 quae
477 2925 564 3019 legis
580 2934 673 3008 sunt,
691 2925 787 3008 facit,
804 2924 861 2995 hio
879 2925 994 3019 legem
1020 2948 1092 2995 non
1108 2924 1250 3008 habens,
1269 2927 1344 3018 ipse
1361 2926 1426 2997 sibi

379 3051 434 3113 est
452 3040 523 3112 lex.
575 3040 623 3110 Et
639 3042 778 3111 intuere
796 3039 1063 3111 multitudinem
1081 3040 1200 3135 legum
1226 3064 1288 3134 per
1310 3043 1429 3136 singu-

380 3156 434 3228 los
453 3157 581 3249 justos,
604 3156 664 3248 qui
691 3155 783 3226 bene
809 3156 962 3249 agebant
988 3157 1095 3225 vitam
1124 3178 1234 3237 suam,
1260 3180 1353 3227 nuno
1381 3180 1426 3228 ex

380 3273 578 3365 semetipsis
602 3272 820 3364 proferentes
846 3273 882 3340 in
907 3271 1072 3341 cordibus
1097 3272 1169 3342 suis
1194 3271 1334 3343 insitam
1357 3272 1427 3343 Dei

381 3388 511 3483 legem,
536 3409 631 3457 nuno
658 3409 680 3456 a
705 3386 854 3479 propriis
880 3385 1084 3479 parentibus
1113 3385 1340 3478 inquirentes,
1365 3388 1429 3458 ali-

383 3503 524 3597 quando
536 3502 644 3573 etiam
658 3501 703 3572 ab
716 3500 972 3594 antiquioribus
986 3510 1023 3569 et
1038 3500 1231 3571 senioribus
1247 3503 1429 3574 addiscen-

383 3628 449 3690 tes.
501 3616 640 3689 Verum
664 3616 745 3708 quia
770 3616 872 3707 pauci
888 3623 973 3706 “per
990 3614 1083 3684 huno
1100 3617 1246 3685 modum
1264 3628 1428 3709 poterant

383 3737 425 3807 ad
448 3734 599 3828 justitiae
625 3731 767 3802 eulmen
794 3730 993 3813 ascendere,
1021 3729 1123 3814 idest,
1151 3754 1213 3823 per
1240 3744 1427 3825 parentum

423 3911 435 3949 l
451 3900 486 3956 ln
500 3898 598 3956 codice
613 3897 770 3964 casinensi,
785 3896 833 3971 qui
840 3915 895 3971 per
907 3896 1036 3959 ordinem,
1051 3896 1097 3970 qai
1109 3896 1182 3952 inter
1186 3896 1291 3969 justos.

423 4007 438 4038 2
452 3997 486 4054 ln
500 3994 600 4052 eodem
615 3994 712 4050 codice
726 3993 866 4058 scribitur,
881 4012 949 4068 opus
962 3993 1031 4068 lepis
1044 3994 1190 4067 scriptura.

425 4093 498 4150 alta
509 4092 621 4149 videtur
634 4091 796 4165 legendum,
811 4091 877 4148 licet
896 4091 925 4146 in
945 4091 1042 4147 codice
1056 4091 1201 4147 Casinensi
1217 4090 1363 4159 scribatur,
1375 4113 1427 4168 per

390 4184 452 4242 tanc
465 4185 601 4241 mundam.

427 4314 434 4337 ¹
452 4326 464 4363 r
479 4306 547 4364 Cor.
560 4326 607 4363 xv.
619 4308 669 4382 56.
795 4311 804 4334 ¹
821 4307 891 4362 Mat.
905 4305 972 4362 xxii.
986 4324 1033 4382 29.
1166 4305 1290 4361 ³Josnn,
1303 4307 1321 4363 i.
1338 4325 1384 4364 12.

428 4405 522 4463 *Μαι
534 4405 611 4462 xxiii,
624 4422 672 4479 35.
797 4410 804 4442 ⁵
820 4406 903 4461 Rom.
915 4404 944 4460 ii.
963 4417 1005 4478 15.
