3900 5167
461 453 505 515 50
691 449 945 515 ARCHELAI
970 452 1035 514 ΕΤ
1058 451 1279 517 MANETIS

458 622 619 724 δύναμιν,
651 625 848 727 λεγομένην
883 624 1033 726 Μητέρα
1068 628 1132 723 τῆς
1167 623 1267 726 isis,
1300 628 1359 706 καὶ
1395 627 1505 727 vitii

455 749 748 853 προβεβληκέναι
792 747 856 829 τὸν
893 756 1037 851 πρῶτον
1076 748 1275 853 ὤτθρουτου,
1310 750 1358 830 τὰ
1401 752 1505 831 πέντε

455 883 630 981 στοιχεῖα.
668 880 738 957 εἰσὶ
765 876 813 973 δὲ,
838 875 1086 981 dispendiis,
1109 878 1313 980 ὕδωρ,ττῦρ,
1332 880 1392 957 καὶ
1421 881 1501 978 ὕλη.

460 1004 519 1082 καὶ
551 1008 664 1082 ταῦτα
695 1000 943 1100 ἐνδυσάμευου,
966 1004 1015 1085 ὡς
1041 1000 1133 1104 πρὸς
1158 1000 1381 1102 κατασκευὴν
1395 1004 1504 1085 πολέ-

453 1162 538 1227 μου,
554 1134 740 1209 κατελθεῖν
757 1127 863 1225 κάτω,
882 1131 941 1208 καὶ
958 1133 1164 1228 πολεμῆσαι
1182 1134 1233 1237 τῷ
1249 1128 1384 1211 osdra.
1417 1129 1503 1211 eidi

457 1262 523 1334 τοῦ
539 1251 694 1339 σκότους
716 1253 887 1358 ἄρχοντες
908 1258 1225 1353 ἀντιπολεμοῦντετ
1243 1257 1350 1364 αὐτῷ,
1368 1256 1503 1364 ἔφαγον

457 1384 497 1463 ἐκ
524 1385 587 1481 τῆς
615 1383 819 1467 πανοπλίας
843 1383 960 1480 αὐτοῦ,
980 1381 1000 1462 ὅ
1023 1384 1123 1463 ἐστιν
1140 1385 1164 1484 ἡ
1181 1382 1295 1489 ψυχή.
1330 1381 1413 1464 τότε
1431 1388 1500 1464 δει-

457 1515 527 1593 νῶς
554 1510 682 1609 &dulps
709 1511 782 1587 ἐκεῖ
808 1508 904 1588 κάτω
932 1511 952 1588 ὁ
980 1515 1120 1611 πρῶτος
1144 1508 1332 1612 ἅνθρωπος
1354 1509 1424 1591 ὑπὸ
1440 1518 1501 1592 τοῦ

456 1636 621 1735 σκότους,
645 1640 703 1717 καὶ
735 1642 764 1716 εἱ
794 1635 843 1735 μὴ
874 1635 1067 1742 εὐξαμένου
1094 1636 1305 1737 εἰσήκουσευ
1324 1640 1344 1718 ὁ
1365 1640 1499 1743 Πατὴρ,

456 1767 515 1844 καὶ
551 1760 763 1844 ἀπέστειλεν
795 1763 917 1867 ἑτέραν
947 1763 1095 1861 δύναμιν
1131 1771 1406 1869 προβληθεῖσαυ
1442 1769 1499 1847 iar'

455 1891 574 1987 adreci,
593 1891 790 1993 λεγομένην
817 1887 886 1992 ζῶν
913 1895 1072 1989 Πνεῦμα,
1095 1894 1153 1970 καὶ
1183 1898 1212 1971 εἶ
1240 1891 1290 1992 μὴ
1319 1891 1500 1974 κατελθὼν

419 2059 426 2074 ·
450 2017 605 2098 ’δέδωκεν
623 2017 719 2124 αὐτῷ
736 2014 867 2124 δεξιὰν,
888 2018 947 2099 καὶ
969 2016 1160 2121 ἀνήνεγκεν
1183 2022 1222 2099 ἐκ
1249 2030 1312 2101 τοῦ
1339 2019 1499 2117 σκότους,

456 2232 590 2311 venisse,
607 2234 780 2320 oproduxit
795 2257 836 2300 ex
850 2257 884 2300 se
899 2235 960 2300 vir-
1004 2235 1208 2300 tenebrarum
1244 2234 1420 2321 Principes,
1452 2257 1500 2300 ns·

451 2325 569 2398 intem,
599 2341 670 2406 quse
702 2320 819 2385 dicitur
849 2322 960 2386 Mater
1002 2327 1182 2407 pugnantes
1217 2321 1258 2398 ei,
1297 2316 1501 2386 comederunt

454 2404 541 2483 vitre,
567 2420 647 2506 ‘qua
675 2404 796 2471 virtute
824 2406 957 2471 circum-
1003 2408 1043 2471 de
1064 2414 1229 2472 armatura
1249 2406 1329 2491 ejus,
1346 2408 1432 2492 quod
1453 2413 1502 2471 est

452 2490 871 2577 deditpnmumhominem,
884 2514 955 2577 quse
999 2492 1114 2557 anima.
1160 2492 1249 2557 Tune
1271 2492 1315 2557 ibi
1335 2493 1499 2558 vehemen-

452 2585 529 2641 sunt
549 2578 687 2662 quinque
708 2577 877 2655 elementa,
892 2577 956 2642 ⁸id-
1000 2586 1051 2643 ier
1090 2577 1225 2643 afflictus
1260 2591 1310 2642 est
1351 2578 1499 2643 deorsum

453 2667 514 2739 esi,
530 2671 655 2740 ventus,
669 2663 734 2736 lux,
750 2685 845 2749 equa,
862 2664 953 2749 ignis,
999 2663 1139 2749 uprimus
1160 2685 1274 2748 parens
1295 2663 1392 2728 homo
1411 2686 1433 2729 a
1453 2671 1500 2729 te-

453 2755 487 2813 et
509 2748 655 2825 materia,
676 2749 791 2833 quibus
813 2749 953 2825 indutus,
998 2749 1115 2826 nebris,
1130 2756 1164 2814 et
1183 2748 1245 2812 nisi
1264 2757 1410 2814 orantem
1428 2770 1500 2814 eum

453 2841 608 2917 tanquam
624 2834 679 2898 ‘ad
703 2840 853 2916 paratum
870 2834 954 2911 belli,
1000 2834 1181 2899 exaudisset
1208 2836 1318 2914 Pater,
1342 2842 1376 2900 et
1399 2834 1499 2899 misis-

453 2919 617 2983 dcseendii
640 2920 788 2983 deorsum
812 2942 956 3005 pugnare
1000 2928 1049 2985 sei
1077 2921 1213 2985 alteram
1240 2920 1402 2999 virentem,
1429 2942 1499 3006 quae

452 3004 621 3070 advorsum
635 3005 794 3070 tenebras.
822 3010 870 3071 Ac
882 3027 955 3070 vero
999 3015 1198 3092 processerat
1215 3029 1256 3072 ex
1276 3029 1320 3087 se,
1335 3028 1407 3092 quse
1424 3006 1500 3071 dici-

492 3199 505 3239 ‘1
528 3190 629 3250 Codex
645 3193 802 3258 Bobiensis,
813 3194 945 3269 producit
958 3214 992 3251 es
1004 3196 1114 3253 virtute.
1158 3195 1327 3261 Casinensis,
1337 3196 1501 3271 produxerit

452 3296 479 3347 ei
500 3307 558 3346 esse
577 3290 714 3348 virtutem.
757 3289 816 3348 Sed
839 3291 992 3367 legendum
1015 3311 1051 3350 ex
1075 3293 1235 3369 Epiphanio
1256 3294 1299 3351 uti
1319 3293 1501 3351 emendatum

452 3396 505 3446 est.

493 3493 505 3526 ¹
527 3483 624 3541 Codex
647 3484 805 3550 Bobiensis,
826 3505 877 3561 quc
898 3487 1080 3543 circumdedit.
1124 3487 1297 3554 casinensis,
1313 3507 1371 3564 qsae
1389 3490 1499 3547 virtute.

453 3579 511 3638 Sed
526 3599 562 3637 ex
578 3580 721 3647 Bobiensi‚
736 3590 765 3639 et
780 3579 939 3658 Epiphanio
954 3584 1114 3649 emendavi,
1129 3604 1180 3660 quc
1193 3586 1303 3642 virtute.

493 3690 504 3720 ¹
527 3678 626 3735 Codex
649 3678 806 3745 Bobiensis,
829 3682 859 3737 id
880 3690 930 3747 est,
947 3682 1002 3746 Ius,
1023 3701 1101 3758 aqua,
1125 3684 1205 3758 ipsis,
1226 3691 1253 3739 et
1275 3683 1398 3739 materia.
1442 3682 1500 3740 Sed

452 3776 627 3852 Epiphanius
640 3777 719 3853 legit,
734 3788 836 3845 emtus,
849 3780 906 3845 lus,
922 3799 1001 3855 aqua,
1017 3782 1097 3857 ἱροῖς,
1112 3790 1138 3838 ct
1152 3782 1274 3838 materia.
1307 3790 1339 3838 ut
1358 3781 1387 3836 in
1401 3781 1499 3839 codice

453 3874 610 3940 Casinensi,
626 3875 673 3950 qui
688 3895 783 3933 veram
798 3877 913 3935 exhibet
928 3878 1013 3953 hujus
1026 3878 1081 3936 loci
1095 3879 1256 3938 lectionem.

492 3972 504 4013 t
525 3972 699 4047 Epiphanius
713 3973 791 4048 legit,
807 3975 844 4030 cd
856 3984 1018 4050 apparatum
1033 3976 1103 4033 delli.

491 4079 509 4112 ¹¹
530 4070 626 4128 Codex
648 4072 806 4138 Bobiensis‚
822 4074 989 4131 concinente
1005 4074 1174 4149 Epiphanio,
1186 4076 1294 4151 primus
1314 4074 1401 4132 ieme
1448 4075 1500 4149 [Et

451 4170 551 4242 recte]

451 4303 558 4380 Opusc.
573 4307 700 4383 inscript.
731 4309 776 4365 Dc
789 4311 901 4385 quodum
916 4311 1067 4387 Hcpesippi
1079 4312 1253 4387 Fropmcnto,
1268 4319 1294 4368 et
1308 4311 1340 4367 dc
1351 4310 1501 4369 Nonnullis

449 4401 506 4461 88.
520 4403 638 4461 Petrum
654 4404 739 4463 Locis
754 4407 919 4474 Emendatio,
935 4408 1072 4465 Bononiae
1087 4409 1163 4466 edito
1177 4427 1223 4465 an.
1239 4425 1325 4484 1793.
1341 4428 1370 4483 p.
1386 4425 1401 4484 7
1406 4410 1449 4486 5.]
