3900 5167
476 424 543 489 804
672 424 736 488 DE
762 422 1141 489 REBAPTISMATE
1164 422 1326 490 LIBER.

475 622 540 694 gra
572 620 673 691 posse
705 597 896 690 pervenire.
952 597 1070 682 Quam
1104 606 1226 672 tamen
1260 599 1511 675 invocationem

476 715 628 785 nominis
649 712 748 797 Jesu,
769 716 988 787 correctione
1013 715 1138 786 erroris
1166 723 1205 785 et
1233 714 1418 808 agnitione
1441 714 1513 786 toni

476 830 644 914 veritatis,
671 841 709 902 et
737 831 873 903 abscisa
897 831 994 901 omui
1019 829 1099 901 labe
1129 831 1316 922 praeteritoe
1342 853 1516 905 conum

475 946 592 1029 tionis,
609 947 777 1040 mysterio
793 947 864 1017 Dei
884 946 977 1017 circa
993 945 1165 1037 ejusmodi
1181 945 1346 1018 homines
1363 946 1432 1018 rite
1448 968 1517 1039 par-

475 1071 660 1155 petratam,
678 1063 797 1133 locum
819 1084 927 1154 quem
949 1060 1114 1133 habitura
1136 1084 1208 1132 non
1231 1069 1322 1146 erat,
1340 1061 1515 1145 obtinerm

474 1188 514 1247 et
538 1187 716 1271 postremo
743 1178 780 1247 in
805 1178 875 1249 fide
903 1185 1010 1259 recta,
1033 1178 1138 1247 etad
1161 1176 1408 1270 integritatem
1433 1177 1515 1271 signi

474 1296 703 1387 praestandam
729 1318 800 1366 non
823 1296 956 1377 obesse,
973 1294 1222 1387 supplemento
1244 1295 1322 1387 ejus
1345 1294 1441 1386 quod
1462 1293 1516 1366 de·

474 1419 551 1483 erat
579 1411 792 1494 accedente3
816 1433 986 1504 perquam
1015 1409 1106 1481 utile
1135 1419 1190 1481 est
1218 1410 1377 1494 credere,
1402 1419 1442 1481 et
1466 1418 1515 1480 tot

473 1549 656 1607 annornm,
679 1535 806 1619 totque
829 1526 1071 1609 ecclesiarum,
1096 1525 1254 1617 itemque
1279 1523 1514 1617 apostolorum

474 1647 513 1711 et
529 1642 773 1733 episcoporum
789 1640 992 1711 auctoritati
1009 1661 1092 1711 oum
1108 1640 1201 1710 bona
1221 1640 1362 1711 ratione
1378 1638 1516 1730 adqnie·

368 1757 370 1760 ’
473 1777 593 1837 soere3
619 1779 701 1826 oum
728 1758 775 1827 sit
801 1755 998 1826 maximum
1024 1754 1289 1826 incommodum
1313 1777 1358 1825 ao
1384 1754 1515 1847 dispen-

474 1873 572 1942 dium
606 1873 832 1943 sanctissimae
865 1870 988 1942 matris
1021 1870 1178 1942 ecclesiae
1211 1870 1381 1941 advorsus
1408 1871 1515 1965 prison

474 1988 645 2072 consulta,
670 1998 751 2081 post
779 1996 836 2058 tot
864 1988 1063 2058 seculorum
1092 1995 1229 2058 tantam
1257 1988 1399 2071 seriem,
1427 2009 1515 2058 nuno

475 2104 627 2196 primum
661 2111 810 2197 repente
842 2125 884 2173 ao
917 2102 993 2173 sine
1026 2103 1164 2173 ratione
1196 2100 1390 2196 insurgere.
1440 2102 1514 2175 Nec

474 2221 569 2289 enim
595 2228 739 2312 propter
762 2218 859 2289 alind
885 2218 1022 2300 Petrus,
1040 2219 1100 2309 qui
1119 2218 1196 2310 jam
1221 2217 1339 2289 fuerat
1365 2218 1514 2311 baptiza·

474 2343 543 2416 tus,
569 2343 607 2404 et
636 2336 720 2426 quid
750 2333 900 2405 sentiret
927 2335 973 2407 de
1000 2334 1155 2405 Domino
1183 2334 1229 2404 ab
1259 2334 1337 2426 ipso
1364 2333 1514 2406 Domino

474 2459 550 2520 erat
573 2451 818 2543 iuterrogatus,
836 2459 875 2521 et
892 2450 1042 2521 veritate
1065 2448 1288 2540 revelationis
1310 2447 1430 2520 Patris
1451 2472 1515 2520 ooe·

341 2591 356 2655 3
473 2566 571 2639 lestis
600 2568 637 2635 in
662 2589 745 2636 eum
771 2565 954 2648 collocata,
980 2567 1075 2657 quod
1102 2564 1277 2638 Dominus
1302 2572 1514 2636 nosternon

310 2656 360 2689 m
472 2680 587 2751 solnm
614 2680 783 2762 Christus,
810 2703 932 2750 verum
960 2682 1068 2752 etiam
1096 2680 1206 2751 Filius
1232 2679 1302 2750 Dei
1328 2681 1400 2751 vivi
1427 2691 1514 2753 esset

471 2798 660 2878 confessus,
684 2797 909 2889 postmodum
936 2799 1052 2867 eidem
1077 2796 1217 2867 Christo
1243 2798 1447 2887 praedicanti
1472 2799 1513 2868 de

470 2936 534 2983 sna
550 2915 709 3005 passione
727 2914 922 3005 refragatus
944 2936 1020 2983 esse
1044 2922 1259 2983 monstratus
1276 2922 1341 2993 est,
1360 2921 1398 2983 et
1415 2937 1512 3005 prop

470 3034 568 3098 terea
594 3028 742 3097 Satanas
767 3029 836 3097 dici
863 3038 1023 3098 ostensus
1051 3037 1126 3109 est;
1151 3028 1217 3097 nisi
1247 3028 1330 3119 qnia
1358 3028 1512 3097 futurum

470 3153 557 3228 erat,
575 3154 616 3214 ut
640 3145 781 3235 qnidam
809 3144 951 3213 tametsi
974 3145 1148 3213 vcnantes
1173 3144 1209 3212 in
1236 3145 1414 3215 sententia
1438 3168 1512 3235 pro·

470 3261 553 3349 pria,
581 3269 617 3328 et
647 3259 885 3329 claudicantes
915 3258 1103 3350 aliqnando
1133 3259 1266 3328 infide
1296 3268 1406 3351 atque
1435 3260 1512 3328 doo-

470 3375 570 3455 trina,
594 3398 675 3443 cum
702 3376 738 3443 in
765 3375 906 3443 nomine
928 3375 1016 3444 Jesn
1042 3375 1313 3465 baptizarentur,
1340 3384 1460 3445 tamen
1485 3375 1509 3444 si

468 3490 653 3560 intervallo
683 3492 836 3581 quodam
866 3492 1034 3582 temporis
1068 3492 1280 3584 recorrigere
1314 3491 1350 3559 id
1381 3492 1510 3583 potuis·

468 3616 556 3687 sent,
580 3630 650 3675 non
676 3616 862 3698 propterea
884 3631 905 3676 a
931 3608 1044 3677 sainte
1070 3608 1294 3688 exciderent3
1317 3609 1379 3677 sed
1407 3630 1512 3698 qnan-

467 3722 583 3812 doqne
617 3724 853 3813 resipuissent,
888 3723 1061 3815 integram
1102 3745 1201 3813 spem
1241 3722 1364 3792 salutis
1404 3721 1511 3813 poeni·

467 3839 575 3906 tendo
598 3838 818 3920 obtinerent;
839 3838 1030 3929 pnraesertim
1049 3861 1129 3906 cnm
1150 3836 1321 3928 Spiritum
1340 3846 1508 3912 sanctum,

465 3973 536 4040 qno
559 3952 727 4043 baptizari
755 3955 996 4044 unnsquisque
1023 3954 1205 4021 hominnm
1233 3952 1351 4032 debet,
1378 3954 1510 4043 accipe·

467 4077 555 4147 rent,
587 4067 734 4157 ¹aliqnid
766 4068 836 4137 tale
868 4068 1131 4161 designassent3
1161 4069 1265 4136 sicuti
1296 4090 1366 4136 non
1398 4066 1508 4137 solnm

507 4300 513 4320 ¹
529 4292 633 4365 aliquid
654 4293 710 4348 tale
732 4294 942 4368 designassent]
968 4294 1034 4349 For.
1050 4293 1213 4368 legendum,
1229 4294 1334 4368 aliquid
1352 4294 1406 4349 tole
1424 4294 1506 4367 desig·

465 4390 578 4444 nundum
593 4399 671 4453 esset,
687 4400 715 4445 et
730 4410 795 4446 cnm
810 4390 993 4463 sequentibus
1008 4389 1248 4464 conjungendum.
