3900 5167
522 455 587 517 212
888 450 919 512 S.
939 445 1208 513 AUGUSTINI

523 628 694 696 universe
707 623 886 703 Ecclesiae,
897 623 1006 691 etiam
1024 618 1181 690 conciliis
1198 617 1455 688 universalibus
1471 616 1564 687 robo

523 749 636 811 ratam
662 747 845 818 tenentes;
871 746 1018 828 accepto
1042 755 1182 827 quoque
1207 755 1251 803 ex
1271 733 1388 804 verbis
1405 732 1563 825 Cypriani

524 857 655 945 majore
672 855 810 934 fiducia,
823 875 886 944 per
903 876 985 943 quae
1002 850 1088 920 mihi
1102 851 1208 919 etiam
1227 858 1316 918 tune
1332 848 1459 919 liceret
1476 846 1565 917 salvo

517 970 600 1060 jure
629 968 886 1038 communionis
916 967 1052 1036 diversa
1082 965 1231 1045 sentire;
1261 963 1402 1033 unitate
1428 962 1565 1054 quidem

524 1083 667 1175 praelata
695 1092 803 1174 atque
830 1082 985 1164 laudate,
1004 1079 1143 1172 qualern
1169 1080 1294 1149 beatus
1311 1078 1511 1170 Cyprianus
1533 1087 1566 1146 et

525 1198 600 1288 ejus
627 1196 784 1289 collegae,
807 1198 866 1286 qni
892 1218 974 1265 cum
1001 1218 1043 1264 eo
1069 1192 1256 1263 concilium
1284 1192 1373 1262 illud
1399 1193 1565 1270 fecerunt,

525 1335 607 1381 cum
625 1312 762 1381 diversa
778 1312 1012 1381 sentientibus
1029 1318 1241 1391 tenuerunt3
1266 1308 1518 1379 haereticorum
1533 1319 1567 1376 et

525 1427 825 1496 schismaticorum
870 1427 1052 1495 seditiosas
1090 1424 1282 1494 calumnias
1322 1423 1567 1516 proturbantes

525 1550 632 1631 etque
670 1550 870 1610 evertentes
908 1541 945 1608 in
985 1541 1128 1610 nomine
1163 1538 1307 1608 Domini
1341 1540 1454 1609 nostri
1487 1535 1566 1607 Jesu

363 1660 517 1724 uptam.
527 1654 670 1734 Christi,
698 1654 758 1744 qui
786 1676 848 1746 per
868 1652 1082 1744 Apostolum
1109 1675 1211 1723 suum
1240 1652 1387 1743 loquens
1412 1654 1473 1733 ait,
1493 1651 1568 1722 Suf-

527 1770 681 1838 ferentes
715 1767 865 1836 invicem
900 1768 937 1835 in
971 1765 1180 1848 dilectione3
1217 1768 1401 1837 studentes
1435 1788 1567 1836 servare

526 1883 700 1951 unitatem
725 1883 866 1973 spiritus
890 1882 925 1949 in
944 1881 1085 1950 vinculo
1104 1882 1216 1972 pacis:
1242 1904 1306 1973 per
1330 1904 1437 1972 quem
1465 1882 1566 1950 etiam

365 1999 589 2081 rhttiii.15.ait‚
607 1997 647 2067 Si
665 1998 748 2088 quid
766 1996 869 2066 aliter
886 1998 1017 2088 sapitis,
1032 1998 1066 2065 id
1085 2019 1225 2088 quoque
1242 1996 1341 2066 vobis
1357 1995 1460 2066 Deus
1477 2019 1568 2066 reve-

528 2111 635 2182 labit:
662 2121 861 2181 sanctorum
882 2110 1137 2203 Episcoporum
1156 2111 1357 2192 sententias,
1376 2111 1475 2180 salvo
1492 2132 1567 2181 cnm

527 2229 578 2297 eis
596 2226 735 2297 vinculo
761 2226 907 2295 unitatis
936 2239 974 2295 et
1004 2226 1111 2317 pacis,
1128 2228 1165 2294 in
1194 2248 1264 2316 quo
1292 2225 1479 2295 retinendo
1504 2248 1568 2303 eos,

527 2351 698 2432 quantum
725 2341 799 2431 ipse
826 2339 1001 2409 Dominus
1026 2341 1181 2431 adjuvat,
1202 2341 1392 2420 imitamur,
1414 2340 1569 2409 conside-

530 2457 657 2526 randas
674 2466 711 2524 et
730 2455 993 2546 pertractandas
1010 2456 1243 2548 aggredimur.

367 2584 433 2632 ειν.
446 2580 469 2628 ⁸·
580 2570 741 2640 Caeoilius
770 2593 792 2639 a
817 2569 914 2638 Bilta
936 2571 1046 2639 dixit:
1074 2568 1150 2666 Epo
1176 2593 1280 2640 noum
1306 2567 1510 2663 baptismum
1535 2572 1569 2639 in

528 2683 684 2755 Ecclesia
709 2681 782 2751 solo
807 2684 888 2763 scio,
914 2691 945 2751 et
969 2692 1068 2752 ec‘trc
1094 2682 1282 2753 Ecclesiam
1308 2682 1450 2752 nullum.
1501 2681 1571 2752 Hic

529 2800 595 2868 erit
613 2821 726 2875 reniero,
746 2796 803 2866 ubi
819 2821 894 2889 spes
911 2821 991 2867 vere
1017 2806 1065 2867 cst
1090 2806 1121 2866 et
1135 2797 1227 2891 fides
1252 2806 1352 2869 certo.
1403 2797 1468 2869 Sic
1484 2799 1571 2867 enim

529 2914 691 3004 scripturn
723 2920 792 2979 est:
827 2910 905 2981 Urio
922 2911 1025 3003 fides,
1053 2936 1122 2982 reric
1149 2936 1234 3005 sper,
1261 2937 1365 2982 recum
1397 2912 1571 3006 baptisma.

368 3026 610 3099 Rebar-istoc
633 3026 727 3120 opud
741 3024 926 3106 licereticos,
945 3026 1003 3096 ubi
1028 3052 1102 3121 spes
1125 3027 1220 3097 nulle
1241 3038 1289 3098 est
1310 3037 1341 3098 et
1354 3029 1448 3121 sides
1463 3028 1572 3123 falso,

529 3142 588 3212 obt
610 3144 726 3212 omnic
744 3165 810 3234 per
827 3142 1039 3212 mendacium
1057 3151 1215 3239 aptentur,
1234 3142 1291 3214 redi
1313 3147 1490 3214 eccreizct
1507 3144 1574 3214 dce-

529 3259 717 3340 morriccus,
743 3265 991 3327 sacramentum
1018 3260 1206 3354 interloqui
1233 3260 1327 3351 copiis
1354 3284 1390 3329 os
1419 3268 1450 3329 et
1475 3260 1573 3330 cerba

531 3396 651 3442 cancer
668 3374 833 3454 emittunt,
841 3372 950 3465 fidem
969 3373 1028 3443 dot
1048 3374 1207 3467 infidelis,
1224 3378 1356 3446 renium
1374 3374 1572 3446 delictorum

531 3486 651 3557 tribuit
672 3487 862 3570 sceleratos,
885 3497 916 3557 et
942 3491 979 3558 ire
1005 3491 1142 3559 nornine
1165 3489 1300 3565 Christi
1329 3492 1455 3587 tinpuit
1485 3495 1575 3561 criti·

531 3601 687 3682 christus,
707 3601 872 3673 benedicit
897 3628 918 3672 c
941 3602 1017 3674 Deo
1043 3604 1249 3689 maledictio,
1267 3609 1370 3677 ritem
1390 3606 1575 3699 pollicetur

529 3727 693 3799 mortuus,
715 3742 834 3811 pacem
863 3718 922 3788 det
949 3721 1169 3813 impacificus,
1188 3721 1300 3792 Deum
1327 3725 1461 3794 invocet
1488 3724 1573 3794 blas-

525 3833 677 3928 phemus,
701 3833 926 3903 secerdotium
954 3834 1174 3907 administret
1194 3837 1376 3933 prffcncs,
1397 3846 1501 3934 ponit
1525 3842 1573 3912 cl-

529 3936 602 4018 tcre
627 3948 821 4044 sucrilcpus.
874 3949 936 4020 Ad
959 3948 1032 4021 bcec
1054 3954 1169 4022 omnio
1191 3953 1319 4024 cecedit
1339 3964 1371 4025 et
1391 3955 1482 4026 illud
1505 3983 1574 4027 rno-

529 4088 713 4161 opnoscenda:
736 4107 792 4142 non
808 4089 890 4151 male,
906 4090 929 4143 si
940 4090 1072 4163 jungitur
1086 4110 1150 4146 curn
1164 4093 1344 4166 simplicitate.
1374 4095 1573 4170 (Copnoscendo

530 4184 618 4240 codex
633 4183 709 4256 prior
726 4202 814 4251 mens,
830 4188 1038 4258 copnoscendnm
1053 4189 1200 4260 posterior.
1244 4190 1300 4245 Hic
1321 4191 1435 4247 interim
1451 4195 1571 4249 scribon·

531 4282 597 4336 dum
613 4289 728 4334 tenemus
743 4300 793 4353 pro
808 4290 925 4337 tenentes
939 4283 1007 4338 mihi
1024 4283 1173 4351 videretur,
1189 4286 1244 4342 nisi
1263 4297 1374 4343 tantum
1393 4288 1473 4344 finita
1488 4290 1570 4345 verbo

530 4378 703 4453 oppredimur
717 4378 806 4434 oratio
822 4383 917 4449 esset.)
