<?xml version="1.0" encoding="UTF-8"?>
<!DOCTYPE html PUBLIC "-//W3C//DTD XHTML 1.0 Transitional//EN"
    "http://www.w3.org/TR/xhtml1/DTD/xhtml1-transitional.dtd">
<html xmlns="http://www.w3.org/1999/xhtml" xml:lang="en" lang="en">
 <head>
  <title>
</title>
<meta http-equiv="Content-Type" content="text/html;charset=utf-8" />
  <meta name='ocr-system' content='tesseract 3.04.00' />
  <meta name='ocr-capabilities' content='ocr_page ocr_carea ocr_par ocr_line ocrx_word'/>
</head>
<body>
  <div class='ocr_page' id='page_1' title='image "./reliquiaesacrae05routgoog_0270.png"; bbox 0 0 3900 5167; ppageno 0'>
   <div class='ocr_carea' id='block_1_1' title="bbox 524 438 1230 501">
    <p class='ocr_par' dir='ltr' id='par_1_1' title="bbox 524 438 1230 501">
     <span class='ocr_line' id='line_1_1' title="bbox 524 438 1230 501; baseline 0.001 -1"><span class='ocrx_word' id='word_1_1' title='bbox 524 440 588 500; x_wconf 77' lang='lat' dir='ltr'>sss</span> <span class='ocrx_word' id='word_1_2' title='bbox 889 439 919 500; x_wconf 87' lang='lat' dir='ltr'>S.</span> <span class='ocrx_word' id='word_1_3' title='bbox 940 438 1207 501; x_wconf 84' lang='lat' dir='ltr'>AUGUSTlNI</span> <span class='ocrx_word' id='word_1_4' title='bbox 1227 487 1230 492; x_wconf 85' lang='lat'>.</span> 
     </span>
    </p>
   </div>
   <div class='ocr_carea' id='block_1_2' title="bbox 524 611 1595 1745">
    <p class='ocr_par' dir='ltr' id='par_1_2' title="bbox 524 611 1595 1745">
     <span class='ocr_line' id='line_1_2' title="bbox 524 611 1566 705; baseline 0.004 -24"><span class='ocrx_word' id='word_1_5' title='bbox 524 612 673 703; x_wconf 87' lang='lat' dir='ltr'>majores</span> <span class='ocrx_word' id='word_1_6' title='bbox 689 621 834 692; x_wconf 90' lang='lat' dir='ltr'>nostros,</span> <span class='ocrx_word' id='word_1_7' title='bbox 852 613 889 680; x_wconf 91' lang='lat' dir='ltr'>in</span> <span class='ocrx_word' id='word_1_8' title='bbox 910 612 1038 703; x_wconf 92' lang='lat' dir='ltr'>quibus</span> <span class='ocrx_word' id='word_1_9' title='bbox 1064 611 1150 682; x_wconf 92' lang='lat' dir='ltr'>nibil</span> <span class='ocrx_word' id='word_1_10' title='bbox 1173 612 1244 681; x_wconf 84' lang='lat' dir='ltr'>tale</span> <span class='ocrx_word' id='word_1_11' title='bbox 1269 614 1410 703; x_wconf 83' lang='lat' dir='ltr'>quando</span> <span class='ocrx_word' id='word_1_12' title='bbox 1432 613 1566 705; x_wconf 89' lang='lat' dir='ltr'>objece-</span> 
     </span>
     <span class='ocr_line' id='line_1_3' title="bbox 524 727 1566 821; baseline 0.003 -24"><span class='ocrx_word' id='word_1_13' title='bbox 524 737 616 809; x_wconf 86' lang='lat' dir='ltr'>runt,</span> <span class='ocrx_word' id='word_1_14' title='bbox 635 727 781 818; x_wconf 89' lang='lat' dir='ltr'>probare</span> <span class='ocrx_word' id='word_1_15' title='bbox 800 737 1011 819; x_wconf 89' lang='lat' dir='ltr'>potuerunt;</span> <span class='ocrx_word' id='word_1_16' title='bbox 1038 730 1066 798; x_wconf 90' lang='lat' dir='ltr'>si</span> <span class='ocrx_word' id='word_1_17' title='bbox 1090 728 1156 798; x_wconf 90' lang='lat' dir='ltr'>boc</span> <span class='ocrx_word' id='word_1_18' title='bbox 1172 729 1213 798; x_wconf 89' lang='lat' dir='ltr'>fit</span> <span class='ocrx_word' id='word_1_19' title='bbox 1237 731 1385 821; x_wconf 89' lang='lat' dir='ltr'>quisque</span> <span class='ocrx_word' id='word_1_20' title='bbox 1402 731 1496 821; x_wconf 90' lang='lat' dir='ltr'>quod</span> <span class='ocrx_word' id='word_1_21' title='bbox 1514 740 1566 800; x_wconf 88' lang='lat' dir='ltr'>est</span> 
     </span>
     <span class='ocr_line' id='line_1_4' title="bbox 525 842 1567 925; baseline 0.005 -14"><span class='ocrx_word' id='word_1_22' title='bbox 525 842 586 912; x_wconf 87' lang='lat' dir='ltr'>ille</span> <span class='ocrx_word' id='word_1_23' title='bbox 613 844 670 912; x_wconf 89' lang='lat' dir='ltr'>cui</span> <span class='ocrx_word' id='word_1_24' title='bbox 698 844 1022 925; x_wconf 83' lang='lat' dir='ltr'>communicaverit,</span> <span class='ocrx_word' id='word_1_25' title='bbox 1046 867 1168 914; x_wconf 89' lang='lat' dir='ltr'>omnes</span> <span class='ocrx_word' id='word_1_26' title='bbox 1193 854 1278 915; x_wconf 90' lang='lat' dir='ltr'>tunc</span> <span class='ocrx_word' id='word_1_27' title='bbox 1304 845 1458 916; x_wconf 76' lang='lat' dir='ltr'>haeretici</span> <span class='ocrx_word' id='word_1_28' title='bbox 1484 846 1567 916; x_wconf 81' lang='lat' dir='ltr'>faeti</span> 
     </span>
     <span class='ocr_line' id='line_1_5' title="bbox 525 957 1567 1049; baseline 0.003 -23"><span class='ocrx_word' id='word_1_29' title='bbox 525 966 617 1027; x_wconf 88' lang='lat' dir='ltr'>sunt.</span> <span class='ocrx_word' id='word_1_30' title='bbox 669 957 773 1040; x_wconf 85' lang='lat' dir='ltr'>Quod</span> <span class='ocrx_word' id='word_1_31' title='bbox 798 959 827 1027; x_wconf 89' lang='lat' dir='ltr'>si</span> <span class='ocrx_word' id='word_1_32' title='bbox 853 959 1008 1049; x_wconf 89' lang='lat' dir='ltr'>quisquis</span> <span class='ocrx_word' id='word_1_33' title='bbox 1032 960 1130 1043; x_wconf 88' lang='lat' dir='ltr'>dicit,</span> <span class='ocrx_word' id='word_1_34' title='bbox 1152 961 1291 1031; x_wconf 81' lang='lat' dir='ltr'><strong>insanit.</strong></span> <span class='ocrx_word' id='word_1_35' title='bbox 1343 960 1488 1031; x_wconf 87' lang='lat' dir='ltr'>Falsum</span> <span class='ocrx_word' id='word_1_36' title='bbox 1513 969 1567 1031; x_wconf 87' lang='lat' dir='ltr'>est</span> 
     </span>
     <span class='ocr_line' id='line_1_6' title="bbox 525 1071 1567 1170; baseline 0.005 -29"><span class='ocrx_word' id='word_1_37' title='bbox 525 1073 618 1165; x_wconf 94' lang='lat' dir='ltr'>quod</span> <span class='ocrx_word' id='word_1_38' title='bbox 645 1074 711 1142; x_wconf 89' lang='lat' dir='ltr'>iste</span> <span class='ocrx_word' id='word_1_39' title='bbox 736 1074 798 1159; x_wconf 88' lang='lat' dir='ltr'>ait,</span> <span class='ocrx_word' id='word_1_40' title='bbox 817 1071 887 1161; x_wconf 77' lang='lat' dir='ltr'>Qui</span> <span class='ocrx_word' id='word_1_41' title='bbox 903 1071 1098 1145; x_wconf 73' lang='lat' dir='ltr'>decreticum</span> <span class='ocrx_word' id='word_1_42' title='bbox 1121 1076 1195 1146; x_wconf 80' lang='lat' dir='ltr'>sinc</span> <span class='ocrx_word' id='word_1_43' title='bbox 1216 1074 1381 1170; x_wconf 79' lang='lat' dir='ltr'>baptismo</span> <span class='ocrx_word' id='word_1_44' title='bbox 1408 1076 1456 1146; x_wconf 87' lang='lat' dir='ltr'>od</span> <span class='ocrx_word' id='word_1_45' title='bbox 1480 1098 1567 1146; x_wconf 86' lang='lat' dir='ltr'>com·</span> 
     </span>
     <span class='ocr_line' id='line_1_7' title="bbox 524 1186 1568 1288; baseline 0.002 -32"><span class='ocrx_word' id='word_1_46' title='bbox 524 1189 718 1257; x_wconf 78' lang='lat' dir='ltr'><em>munionem</em></span> <span class='ocrx_word' id='word_1_47' title='bbox 746 1186 906 1271; x_wconf 73' lang='lat' dir='ltr'><em>admittit,</em></span> <span class='ocrx_word' id='word_1_48' title='bbox 935 1213 995 1260; x_wconf 84' lang='lat' dir='ltr'>mec</span> <span class='ocrx_word' id='word_1_49' title='bbox 1022 1188 1198 1262; x_wconf 75' lang='lat' dir='ltr'>lroereticos</span> <span class='ocrx_word' id='word_1_50' title='bbox 1220 1200 1358 1288; x_wconf 73' lang='lat' dir='ltr'>purpat,</span> <span class='ocrx_word' id='word_1_51' title='bbox 1387 1199 1418 1261; x_wconf 83' lang='lat' dir='ltr'>et</span> <span class='ocrx_word' id='word_1_52' title='bbox 1447 1187 1568 1263; x_wconf 70' lang='lat' dir='ltr'>Chrs-</span> 
     </span>
     <span class='ocr_line' id='line_1_8' title="bbox 524 1304 1595 1397; baseline 0.002 -24"><span class='ocrx_word' id='word_1_53' title='bbox 524 1304 637 1373; x_wconf 78' lang='lat' dir='ltr'>ticmos</span> <span class='ocrx_word' id='word_1_54' title='bbox 665 1305 833 1397; x_wconf 77' lang='lat' dir='ltr'><em>inquinat.</em></span> <span class='ocrx_word' id='word_1_55' title='bbox 886 1304 964 1375; x_wconf 87' lang='lat' dir='ltr'>Aut</span> <span class='ocrx_word' id='word_1_56' title='bbox 993 1308 1022 1374; x_wconf 89' lang='lat' dir='ltr'>si</span> <span class='ocrx_word' id='word_1_57' title='bbox 1054 1307 1119 1377; x_wconf 89' lang='lat' dir='ltr'>boc</span> <span class='ocrx_word' id='word_1_58' title='bbox 1150 1330 1272 1377; x_wconf 87' lang='lat' dir='ltr'>verum</span> <span class='ocrx_word' id='word_1_59' title='bbox 1300 1315 1365 1388; x_wconf 90' lang='lat' dir='ltr'>est,</span> <span class='ocrx_word' id='word_1_60' title='bbox 1391 1330 1463 1376; x_wconf 95' lang='lat' dir='ltr'>non</span> <span class='ocrx_word' id='word_1_61' title='bbox 1493 1308 1595 1376; x_wconf 86' lang='lat' dir='ltr'>sine.</span> 
     </span>
     <span class='ocr_line' id='line_1_9' title="bbox 524 1419 1566 1515; baseline 0.002 -26"><span class='ocrx_word' id='word_1_62' title='bbox 524 1420 699 1512; x_wconf 89' lang='lat' dir='ltr'>baptismo</span> <span class='ocrx_word' id='word_1_63' title='bbox 730 1419 1020 1504; x_wconf 83' lang='lat' dir='ltr'>admittebantur,</span> <span class='ocrx_word' id='word_1_64' title='bbox 1047 1422 1107 1492; x_wconf 88' lang='lat' dir='ltr'>sed</span> <span class='ocrx_word' id='word_1_65' title='bbox 1142 1422 1319 1493; x_wconf 86' lang='lat' dir='ltr'>habebant</span> <span class='ocrx_word' id='word_1_66' title='bbox 1351 1422 1566 1515; x_wconf 89' lang='lat' dir='ltr'>baptismum</span> 
     </span>
     <span class='ocr_line' id='line_1_10' title="bbox 525 1534 1566 1630; baseline 0.003 -26"><span class='ocrx_word' id='word_1_67' title='bbox 525 1534 667 1615; x_wconf 83' lang='lat' dir='ltr'>Christi,</span> <span class='ocrx_word' id='word_1_68' title='bbox 686 1537 844 1627; x_wconf 85' lang='lat' dir='ltr'>quamvis</span> <span class='ocrx_word' id='word_1_69' title='bbox 861 1537 953 1628; x_wconf 88' lang='lat' dir='ltr'>apud</span> <span class='ocrx_word' id='word_1_70' title='bbox 972 1537 1158 1608; x_wconf 88' lang='lat' dir='ltr'>baereticos</span> <span class='ocrx_word' id='word_1_71' title='bbox 1175 1540 1296 1609; x_wconf 89' lang='lat' dir='ltr'>datum</span> <span class='ocrx_word' id='word_1_72' title='bbox 1315 1549 1352 1608; x_wconf 89' lang='lat' dir='ltr'>et</span> <span class='ocrx_word' id='word_1_73' title='bbox 1370 1548 1566 1630; x_wconf 85' lang='lat' dir='ltr'>acceptum,</span> 
     </span>
     <span class='ocr_line' id='line_1_11' title="bbox 524 1651 1567 1745; baseline 0 -24"><span class='ocrx_word' id='word_1_74' title='bbox 524 1653 584 1743; x_wconf 92' lang='lat' dir='ltr'>qui</span> <span class='ocrx_word' id='word_1_75' title='bbox 603 1652 795 1721; x_wconf 86' lang='lat' dir='ltr'>secundum</span> <span class='ocrx_word' id='word_1_76' title='bbox 820 1651 916 1721; x_wconf 92' lang='lat' dir='ltr'>illam</span> <span class='ocrx_word' id='word_1_77' title='bbox 941 1655 1243 1740; x_wconf 86' lang='lat' dir='ltr'>consuetudinem,</span> <span class='ocrx_word' id='word_1_78' title='bbox 1261 1654 1306 1724; x_wconf 91' lang='lat' dir='ltr'>de</span> <span class='ocrx_word' id='word_1_79' title='bbox 1322 1677 1393 1745; x_wconf 86' lang='lat' dir='ltr'>qua</span> <span class='ocrx_word' id='word_1_80' title='bbox 1410 1655 1468 1724; x_wconf 89' lang='lat' dir='ltr'>isti</span> <span class='ocrx_word' id='word_1_81' title='bbox 1487 1677 1567 1723; x_wconf 93' lang='lat' dir='ltr'>con-</span> 
     </span>
    </p>
   </div>
   <div class='ocr_carea' id='block_1_3' title="bbox 422 1767 1566 1862">
    <p class='ocr_par' dir='ltr' id='par_1_3' title="bbox 422 1767 1566 1862">
     <span class='ocr_line' id='line_1_12' title="bbox 422 1767 1566 1862; baseline 0.002 -26"><span class='ocrx_word' id='word_1_82' title='bbox 422 1787 424 1790; x_wconf 90' lang='grc'><strong><em>·</em></strong></span> <span class='ocrx_word' id='word_1_83' title='bbox 523 1768 681 1850; x_wconf 86' lang='lat' dir='ltr'>fitentur,</span> <span class='ocrx_word' id='word_1_84' title='bbox 699 1768 749 1836; x_wconf 93' lang='lat' dir='ltr'>sic</span> <span class='ocrx_word' id='word_1_85' title='bbox 765 1767 1065 1838; x_wconf 83' lang='lat' dir='ltr'>admittebantur:</span> <span class='ocrx_word' id='word_1_86' title='bbox 1092 1792 1134 1839; x_wconf 91' lang='lat' dir='ltr'>ac</span> <span class='ocrx_word' id='word_1_87' title='bbox 1159 1793 1221 1862; x_wconf 90' lang='lat' dir='ltr'>per</span> <span class='ocrx_word' id='word_1_88' title='bbox 1246 1770 1312 1839; x_wconf 90' lang='lat' dir='ltr'>boc</span> <span class='ocrx_word' id='word_1_89' title='bbox 1336 1779 1434 1840; x_wconf 89' lang='lat' dir='ltr'>recte</span> <span class='ocrx_word' id='word_1_90' title='bbox 1460 1771 1566 1839; x_wconf 87' lang='lat' dir='ltr'>etiam</span> 
     </span>
    </p>
   </div>
   <div class='ocr_carea' id='block_1_4' title="bbox 359 2003 461 2063">
    <p class='ocr_par' dir='ltr' id='par_1_4' title="bbox 359 2003 461 2063">
     <span class='ocr_line' id='line_1_13' title="bbox 359 2003 461 2063; baseline -0.02 -12"><span class='ocrx_word' id='word_1_91' title='bbox 359 2003 424 2051; x_wconf 69' lang='lat' dir='ltr'>Car.</span> <span class='ocrx_word' id='word_1_92' title='bbox 438 2017 461 2063; x_wconf 78' lang='lat'>5.</span> 
     </span>
    </p>
   </div>
   <div class='ocr_carea' id='block_1_5' title="bbox 360 2084 485 2196">
    <p class='ocr_par' dir='ltr' id='par_1_5' title="bbox 360 2084 485 2196">
     <span class='ocr_line' id='line_1_14' title="bbox 362 2084 485 2131; baseline -0.008 0"><span class='ocrx_word' id='word_1_93' title='bbox 362 2097 372 2131; x_wconf 89' lang='grc' dir='ltr'>ι</span> <span class='ocrx_word' id='word_1_94' title='bbox 385 2084 485 2131; x_wconf 79' lang='lat' dir='ltr'>Timr.</span> 
     </span>
     <span class='ocr_line' id='line_1_15' title="bbox 360 2162 400 2196; baseline -0.025 0"><span class='ocrx_word' id='word_1_95' title='bbox 360 2162 400 2196; x_wconf 76' lang='lat' dir='ltr'>aa.</span> 
     </span>
    </p>
   </div>
   <div class='ocr_carea' id='block_1_6' title="bbox 517 1883 1569 4285">
    <p class='ocr_par' dir='ltr' id='par_1_6' title="bbox 524 1883 950 1953">
     <span class='ocr_line' id='line_1_16' title="bbox 524 1883 950 1953; baseline -0.002 0"><span class='ocrx_word' id='word_1_96' title='bbox 524 1906 617 1953; x_wconf 91' lang='lat' dir='ltr'>nunc</span> <span class='ocrx_word' id='word_1_97' title='bbox 633 1883 683 1952; x_wconf 90' lang='lat' dir='ltr'>sic</span> <span class='ocrx_word' id='word_1_98' title='bbox 700 1883 950 1953; x_wconf 86' lang='lat' dir='ltr'>admittuntur.</span> 
     </span>
    </p>

    <p class='ocr_par' dir='ltr' id='par_1_7' title="bbox 517 1996 1568 2647">
     <span class='ocr_line' id='line_1_17' title="bbox 573 1996 1565 2092; baseline 0.003 -27"><span class='ocrx_word' id='word_1_99' title='bbox 573 1996 741 2067; x_wconf 84' lang='lat' dir='ltr'>Aurelius</span> <span class='ocrx_word' id='word_1_100' title='bbox 758 1998 803 2067; x_wconf 90' lang='lat' dir='ltr'>ab</span> <span class='ocrx_word' id='word_1_101' title='bbox 819 1996 928 2067; x_wconf 84' lang='lat' dir='ltr'>Utica</span> <span class='ocrx_word' id='word_1_102' title='bbox 944 1999 1056 2068; x_wconf 87' lang='lat' dir='ltr'>dixit:</span> <span class='ocrx_word' id='word_1_103' title='bbox 1082 1997 1169 2071; x_wconf 84' lang='lat' dir='ltr'>Cum</span> <span class='ocrx_word' id='word_1_104' title='bbox 1188 1998 1280 2070; x_wconf 84' lang='lat' dir='ltr'>dicot</span> <span class='ocrx_word' id='word_1_105' title='bbox 1291 1996 1488 2092; x_wconf 77' lang='lat' dir='ltr'>Apostolus,</span> <span class='ocrx_word' id='word_1_106' title='bbox 1501 2022 1565 2069; x_wconf 81' lang='lat' dir='ltr'>aon</span> 
     </span>
     <span class='ocr_line' id='line_1_18' title="bbox 524 2112 1566 2208; baseline -0.002 -22"><span class='ocrx_word' id='word_1_107' title='bbox 524 2112 842 2186; x_wconf 81' lang='lat' dir='ltr'>communicandum</span> <span class='ocrx_word' id='word_1_108' title='bbox 871 2113 1017 2207; x_wconf 80' lang='lat' dir='ltr'>peccatis</span> <span class='ocrx_word' id='word_1_109' title='bbox 1047 2112 1192 2193; x_wconf 74' lang='lat' dir='ltr'>ationis3</span> <span class='ocrx_word' id='word_1_110' title='bbox 1226 2113 1310 2208; x_wconf 82' lang='lat' dir='ltr'>quid</span> <span class='ocrx_word' id='word_1_111' title='bbox 1338 2112 1437 2184; x_wconf 79' lang='lat' dir='ltr'>atiud</span> <span class='ocrx_word' id='word_1_112' title='bbox 1468 2138 1566 2208; x_wconf 86' lang='lat' dir='ltr'>quom</span> 
     </span>
     <span class='ocr_line' id='line_1_19' title="bbox 517 2227 1566 2325; baseline 0.001 -25"><span class='ocrx_word' id='word_1_113' title='bbox 517 2231 670 2325; x_wconf 81' lang='lat' dir='ltr'>pcccatis</span> <span class='ocrx_word' id='word_1_114' title='bbox 692 2227 815 2298; x_wconf 77' lang='lat' dir='ltr'>olienis</span> <span class='ocrx_word' id='word_1_115' title='bbox 833 2230 1068 2309; x_wconf 83' lang='lat' dir='ltr'>communicat,</span> <span class='ocrx_word' id='word_1_116' title='bbox 1087 2231 1147 2323; x_wconf 81' lang='lat' dir='ltr'>qui</span> <span class='ocrx_word' id='word_1_117' title='bbox 1171 2230 1246 2300; x_wconf 79' lang='lat' dir='ltr'>siae</span> <span class='ocrx_word' id='word_1_118' title='bbox 1269 2228 1436 2324; x_wconf 71' lang='lat' dir='ltr'>baptimo</span> <span class='ocrx_word' id='word_1_119' title='bbox 1452 2229 1566 2301; x_wconf 83' lang='lat' dir='ltr'>Eccle-</span> 
     </span>
     <span class='ocr_line' id='line_1_20' title="bbox 522 2344 1568 2439; baseline -0.002 -22"><span class='ocrx_word' id='word_1_120' title='bbox 522 2348 587 2417; x_wconf 78' lang='lat' dir='ltr'>siae</span> <span class='ocrx_word' id='word_1_121' title='bbox 603 2345 774 2418; x_wconf 59' lang='lat' dir='ltr'>haereticis·</span> <span class='ocrx_word' id='word_1_122' title='bbox 796 2345 1054 2415; x_wconf 67' lang='lat' dir='ltr'>commeminit?</span> <span class='ocrx_word' id='word_1_123' title='bbox 1088 2345 1137 2417; x_wconf 87' lang='lat' dir='ltr'>Et</span> <span class='ocrx_word' id='word_1_124' title='bbox 1159 2345 1237 2417; x_wconf 80' lang='lat' dir='ltr'>ideo</span> <span class='ocrx_word' id='word_1_125' title='bbox 1256 2370 1371 2417; x_wconf 78' lang='lat' dir='ltr'>comeo</span> <span class='ocrx_word' id='word_1_126' title='bbox 1393 2344 1568 2439; x_wconf 79' lang='lat' dir='ltr'>baptizan-</span> 
     </span>
     <span class='ocr_line' id='line_1_21' title="bbox 524 2457 1566 2554; baseline -0.005 -21"><span class='ocrx_word' id='word_1_127' title='bbox 524 2460 585 2533; x_wconf 81' lang='lat' dir='ltr'>dos</span> <span class='ocrx_word' id='word_1_128' title='bbox 603 2484 672 2530; x_wconf 78' lang='lat' dir='ltr'>esec</span> <span class='ocrx_word' id='word_1_129' title='bbox 695 2457 885 2541; x_wconf 74' lang='lat' dir='ltr'>laceratione,</span> <span class='ocrx_word' id='word_1_130' title='bbox 903 2468 940 2530; x_wconf 82' lang='lat' dir='ltr'>ut</span> <span class='ocrx_word' id='word_1_131' title='bbox 963 2461 1134 2554; x_wconf 77' lang='lat' dir='ltr'>accipiant</span> <span class='ocrx_word' id='word_1_132' title='bbox 1150 2462 1327 2530; x_wconf 80' lang='lat' dir='ltr'>remissam</span> <span class='ocrx_word' id='word_1_133' title='bbox 1340 2468 1566 2553; x_wconf 81' lang='lat' dir='ltr'>peccatorum,</span> 
     </span>
     <span class='ocr_line' id='line_1_22' title="bbox 524 2574 1003 2647; baseline -0.01 0"><span class='ocrx_word' id='word_1_134' title='bbox 524 2585 555 2647; x_wconf 85' lang='lat' dir='ltr'>ct</span> <span class='ocrx_word' id='word_1_135' title='bbox 571 2577 623 2647; x_wconf 80' lang='lat' dir='ltr'>sic</span> <span class='ocrx_word' id='word_1_136' title='bbox 640 2574 711 2645; x_wconf 81' lang='lat' dir='ltr'>iltis</span> <span class='ocrx_word' id='word_1_137' title='bbox 728 2576 1003 2646; x_wconf 80' lang='lat' dir='ltr'>communicetur.</span> 
     </span>
    </p>

    <p class='ocr_par' dir='ltr' id='par_1_8' title="bbox 524 2689 1569 4285">
     <span class='ocr_line' id='line_1_23' title="bbox 576 2689 1567 2785; baseline -0.002 -24"><span class='ocrx_word' id='word_1_138' title='bbox 576 2692 848 2784; x_wconf 83' lang='lat' dir='ltr'>Respondetur3</span> <span class='ocrx_word' id='word_1_139' title='bbox 883 2689 1166 2761; x_wconf 88' lang='lat' dir='ltr'>Communicavit</span> <span class='ocrx_word' id='word_1_140' title='bbox 1196 2716 1278 2785; x_wconf 87' lang='lat' dir='ltr'>ergo</span> <span class='ocrx_word' id='word_1_141' title='bbox 1309 2690 1505 2783; x_wconf 86' lang='lat' dir='ltr'>Cyprianus</span> <span class='ocrx_word' id='word_1_142' title='bbox 1533 2701 1567 2760; x_wconf 90' lang='lat' dir='ltr'>et</span> 
     </span>
     <span class='ocr_line' id='line_1_24' title="bbox 524 2807 1567 2898; baseline -0.001 -21"><span class='ocrx_word' id='word_1_143' title='bbox 524 2809 583 2877; x_wconf 87' lang='lat' dir='ltr'>isti</span> <span class='ocrx_word' id='word_1_144' title='bbox 602 2830 724 2877; x_wconf 90' lang='lat' dir='ltr'>omnes</span> <span class='ocrx_word' id='word_1_145' title='bbox 748 2809 901 2897; x_wconf 88' lang='lat' dir='ltr'>peccatis</span> <span class='ocrx_word' id='word_1_146' title='bbox 924 2807 1056 2887; x_wconf 83' lang='lat' dir='ltr'>alienis,</span> <span class='ocrx_word' id='word_1_147' title='bbox 1075 2810 1157 2898; x_wconf 90' lang='lat' dir='ltr'>quia</span> <span class='ocrx_word' id='word_1_148' title='bbox 1174 2832 1254 2878; x_wconf 92' lang='lat' dir='ltr'>cum</span> <span class='ocrx_word' id='word_1_149' title='bbox 1273 2807 1404 2877; x_wconf 87' lang='lat' dir='ltr'>talibus</span> <span class='ocrx_word' id='word_1_150' title='bbox 1422 2810 1458 2877; x_wconf 89' lang='lat' dir='ltr'>iu</span> <span class='ocrx_word' id='word_1_151' title='bbox 1476 2830 1567 2876; x_wconf 93' lang='lat' dir='ltr'>com-</span> 
     </span>
     <span class='ocr_line' id='line_1_25' title="bbox 525 2920 1566 3012; baseline -0.004 -20"><span class='ocrx_word' id='word_1_152' title='bbox 525 2925 692 2992; x_wconf 90' lang='lat' dir='ltr'>munione</span> <span class='ocrx_word' id='word_1_153' title='bbox 710 2932 924 3002; x_wconf 89' lang='lat' dir='ltr'>manserunt,</span> <span class='ocrx_word' id='word_1_154' title='bbox 943 2923 1083 3012; x_wconf 88' lang='lat' dir='ltr'>quando</span> <span class='ocrx_word' id='word_1_155' title='bbox 1108 2923 1285 2990; x_wconf 92' lang='lat' dir='ltr'>neminem</span> <span class='ocrx_word' id='word_1_156' title='bbox 1309 2920 1368 3010; x_wconf 92' lang='lat' dir='ltr'>qui</span> <span class='ocrx_word' id='word_1_157' title='bbox 1393 2921 1566 2990; x_wconf 81' lang='lat' dir='ltr'>diversum</span> 
     </span>
     <span class='ocr_line' id='line_1_26' title="bbox 525 3036 1567 3131; baseline -0.004 -21"><span class='ocrx_word' id='word_1_158' title='bbox 525 3042 633 3110; x_wconf 86' lang='lat' dir='ltr'>sensit</span> <span class='ocrx_word' id='word_1_159' title='bbox 651 3041 764 3130; x_wconf 82' lang='lat' dir='ltr'>ajune</span> <span class='ocrx_word' id='word_1_160' title='bbox 782 3039 1038 3107; x_wconf 84' lang='lat' dir='ltr'>communionis</span> <span class='ocrx_word' id='word_1_161' title='bbox 1055 3046 1273 3107; x_wconf 87' lang='lat' dir='ltr'>amoverunt.</span> <span class='ocrx_word' id='word_1_162' title='bbox 1324 3036 1398 3106; x_wconf 91' lang='lat' dir='ltr'>Ubi</span> <span class='ocrx_word' id='word_1_163' title='bbox 1416 3047 1470 3106; x_wconf 89' lang='lat' dir='ltr'>est</span> <span class='ocrx_word' id='word_1_164' title='bbox 1488 3062 1567 3131; x_wconf 83' lang='lat' dir='ltr'>ergo</span> 
     </span>
     <span class='ocr_line' id='line_1_27' title="bbox 525 3153 1568 3231; baseline -0.006 -6"><span class='ocrx_word' id='word_1_165' title='bbox 525 3154 705 3225; x_wconf 78' lang='lat' dir='ltr'>Ecclesia?</span> <span class='ocrx_word' id='word_1_166' title='bbox 733 3154 872 3222; x_wconf 91' lang='lat' dir='ltr'>Deinde</span> <span class='ocrx_word' id='word_1_167' title='bbox 885 3154 937 3221; x_wconf 91' lang='lat' dir='ltr'>uti</span> <span class='ocrx_word' id='word_1_168' title='bbox 958 3154 1001 3220; x_wconf 92' lang='lat' dir='ltr'>de</span> <span class='ocrx_word' id='word_1_169' title='bbox 1019 3153 1190 3220; x_wconf 69' lang='lat' dir='ltr'>haereticis</span> <span class='ocrx_word' id='word_1_170' title='bbox 1209 3164 1354 3231; x_wconf 87' lang='lat' dir='ltr'>taceam,</span> <span class='ocrx_word' id='word_1_171' title='bbox 1369 3175 1450 3220; x_wconf 88' lang='lat' dir='ltr'>cum</span> <span class='ocrx_word' id='word_1_172' title='bbox 1468 3153 1568 3221; x_wconf 89' lang='lat' dir='ltr'>verba</span> 
     </span>
     <span class='ocr_line' id='line_1_28' title="bbox 524 3267 1568 3361; baseline -0.004 -21"><span class='ocrx_word' id='word_1_173' title='bbox 524 3271 628 3361; x_wconf 84' lang='lat' dir='ltr'>hujus</span> <span class='ocrx_word' id='word_1_174' title='bbox 645 3270 829 3338; x_wconf 75' lang='lat' dir='ltr'>sententiae</span> <span class='ocrx_word' id='word_1_175' title='bbox 847 3270 953 3338; x_wconf 83' lang='lat' dir='ltr'>otiam</span> <span class='ocrx_word' id='word_1_176' title='bbox 980 3269 1023 3335; x_wconf 89' lang='lat' dir='ltr'>de</span> <span class='ocrx_word' id='word_1_177' title='bbox 1047 3268 1123 3337; x_wconf 91' lang='lat' dir='ltr'>aliis</span> <span class='ocrx_word' id='word_1_178' title='bbox 1146 3267 1388 3358; x_wconf 87' lang='lat' dir='ltr'>peccatoribus</span> <span class='ocrx_word' id='word_1_179' title='bbox 1407 3268 1475 3336; x_wconf 90' lang='lat' dir='ltr'>dici</span> <span class='ocrx_word' id='word_1_180' title='bbox 1495 3291 1568 3359; x_wconf 91' lang='lat' dir='ltr'>pos-</span> 
     </span>
     <span class='ocr_line' id='line_1_29' title="bbox 525 3383 1567 3476; baseline -0.002 -21"><span class='ocrx_word' id='word_1_181' title='bbox 525 3388 604 3468; x_wconf 89' lang='lat' dir='ltr'>sint,</span> <span class='ocrx_word' id='word_1_182' title='bbox 636 3385 757 3476; x_wconf 87' lang='lat' dir='ltr'>qnales</span> <span class='ocrx_word' id='word_1_183' title='bbox 790 3386 824 3453; x_wconf 92' lang='lat' dir='ltr'>in</span> <span class='ocrx_word' id='word_1_184' title='bbox 857 3383 1016 3453; x_wconf 88' lang='lat' dir='ltr'>Ecclesia</span> <span class='ocrx_word' id='word_1_185' title='bbox 1046 3407 1165 3453; x_wconf 88' lang='lat' dir='ltr'>secum</span> <span class='ocrx_word' id='word_1_186' title='bbox 1193 3383 1387 3474; x_wconf 85' lang='lat' dir='ltr'>Cyprianus</span> <span class='ocrx_word' id='word_1_187' title='bbox 1415 3384 1567 3464; x_wconf 90' lang='lat' dir='ltr'>videbat,</span> 
     </span>
     <span class='ocr_line' id='line_1_30' title="bbox 525 3495 1567 3594; baseline -0.001 -25"><span class='ocrx_word' id='word_1_188' title='bbox 525 3502 703 3594; x_wconf 84' lang='lat' dir='ltr'>gemebat,</span> <span class='ocrx_word' id='word_1_189' title='bbox 728 3502 909 3593; x_wconf 82' lang='lat' dir='ltr'>arguebat,</span> <span class='ocrx_word' id='word_1_190' title='bbox 932 3495 1110 3579; x_wconf 61' lang='lat' dir='ltr'>hferebam</span> <span class='ocrx_word' id='word_1_191' title='bbox 1138 3498 1197 3566; x_wconf 90' lang='lat' dir='ltr'>ubi</span> <span class='ocrx_word' id='word_1_192' title='bbox 1224 3508 1278 3567; x_wconf 90' lang='lat' dir='ltr'>est</span> <span class='ocrx_word' id='word_1_193' title='bbox 1302 3496 1472 3582; x_wconf 89' lang='lat' dir='ltr'>Ecclesia,</span> <span class='ocrx_word' id='word_1_194' title='bbox 1491 3524 1567 3592; x_wconf 85' lang='lat' dir='ltr'>quae</span> 
     </span>
     <span class='ocr_line' id='line_1_31' title="bbox 525 3616 1568 3706; baseline -0.001 -20"><span class='ocrx_word' id='word_1_195' title='bbox 525 3619 717 3686; x_wconf 90' lang='lat' dir='ltr'>secundum</span> <span class='ocrx_word' id='word_1_196' title='bbox 745 3617 817 3685; x_wconf 67' lang='lat' dir='ltr'>broc</span> <span class='ocrx_word' id='word_1_197' title='bbox 836 3618 944 3685; x_wconf 89' lang='lat' dir='ltr'>verba</span> <span class='ocrx_word' id='word_1_198' title='bbox 968 3618 1043 3706; x_wconf 88' lang='lat' dir='ltr'>jam</span> <span class='ocrx_word' id='word_1_199' title='bbox 1066 3625 1151 3684; x_wconf 91' lang='lat' dir='ltr'>tunc</span> <span class='ocrx_word' id='word_1_200' title='bbox 1179 3616 1321 3705; x_wconf 90' lang='lat' dir='ltr'>periisse</span> <span class='ocrx_word' id='word_1_201' title='bbox 1348 3618 1568 3687; x_wconf 83' lang='lat' dir='ltr'>existimatur</span> 
     </span>
     <span class='ocr_line' id='line_1_32' title="bbox 525 3731 1568 3825; baseline -0.003 -22"><span class='ocrx_word' id='word_1_202' title='bbox 525 3735 735 3825; x_wconf 85' lang='lat' dir='ltr'>contagione</span> <span class='ocrx_word' id='word_1_203' title='bbox 764 3731 1011 3822; x_wconf 76' lang='lat' dir='ltr'>peccatorum?</span> <span class='ocrx_word' id='word_1_204' title='bbox 1047 3731 1084 3800; x_wconf 88' lang='lat' dir='ltr'>Si</span> <span class='ocrx_word' id='word_1_205' title='bbox 1116 3741 1246 3811; x_wconf 88' lang='lat' dir='ltr'>autem,</span> <span class='ocrx_word' id='word_1_206' title='bbox 1274 3732 1365 3800; x_wconf 91' lang='lat' dir='ltr'>sicut</span> <span class='ocrx_word' id='word_1_207' title='bbox 1395 3755 1433 3801; x_wconf 90' lang='lat' dir='ltr'>se</span> <span class='ocrx_word' id='word_1_208' title='bbox 1464 3733 1568 3802; x_wconf 85' lang='lat' dir='ltr'>habet</span> 
     </span>
     <span class='ocr_line' id='line_1_33' title="bbox 524 3845 1568 3938; baseline 0.001 -21"><span class='ocrx_word' id='word_1_209' title='bbox 524 3849 723 3918; x_wconf 86' lang='lat' dir='ltr'>firmissima</span> <span class='ocrx_word' id='word_1_210' title='bbox 741 3848 881 3928; x_wconf 85' lang='lat' dir='ltr'>veritas,</span> <span class='ocrx_word' id='word_1_211' title='bbox 901 3845 1061 3916; x_wconf 83' lang='lat' dir='ltr'>Ecclesia</span> <span class='ocrx_word' id='word_1_212' title='bbox 1086 3847 1278 3937; x_wconf 86' lang='lat' dir='ltr'>permansit</span> <span class='ocrx_word' id='word_1_213' title='bbox 1303 3858 1340 3915; x_wconf 89' lang='lat' dir='ltr'>et</span> <span class='ocrx_word' id='word_1_214' title='bbox 1365 3860 1568 3938; x_wconf 88' lang='lat' dir='ltr'>permanet;</span> 
     </span>
     <span class='ocr_line' id='line_1_34' title="bbox 524 3960 1568 4053; baseline 0.002 -23"><span class='ocrx_word' id='word_1_215' title='bbox 524 3985 595 4031; x_wconf 94' lang='lat' dir='ltr'>non</span> <span class='ocrx_word' id='word_1_216' title='bbox 623 3963 688 4030; x_wconf 91' lang='lat' dir='ltr'>nisi</span> <span class='ocrx_word' id='word_1_217' title='bbox 717 3963 752 4029; x_wconf 95' lang='lat' dir='ltr'>in</span> <span class='ocrx_word' id='word_1_218' title='bbox 781 3961 1010 4031; x_wconf 90' lang='lat' dir='ltr'>consensione</span> <span class='ocrx_word' id='word_1_219' title='bbox 1036 3960 1266 4053; x_wconf 85' lang='lat' dir='ltr'>intelligenda</span> <span class='ocrx_word' id='word_1_220' title='bbox 1290 3970 1344 4030; x_wconf 89' lang='lat' dir='ltr'>est</span> <span class='ocrx_word' id='word_1_221' title='bbox 1368 3965 1568 4032; x_wconf 90' lang='lat' dir='ltr'>communio</span> 
     </span>
     <span class='ocr_line' id='line_1_35' title="bbox 525 4076 1569 4169; baseline 0 -23"><span class='ocrx_word' id='word_1_222' title='bbox 525 4086 761 4168; x_wconf 85' lang='lat' dir='ltr'>peccatorum,</span> <span class='ocrx_word' id='word_1_223' title='bbox 797 4101 902 4169; x_wconf 86' lang='lat' dir='ltr'>quarn</span> <span class='ocrx_word' id='word_1_224' title='bbox 939 4087 1037 4146; x_wconf 86' lang='lat' dir='ltr'>vetat</span> <span class='ocrx_word' id='word_1_225' title='bbox 1072 4076 1272 4166; x_wconf 85' lang='lat' dir='ltr'>Apostolus.</span> <span class='ocrx_word' id='word_1_226' title='bbox 1338 4076 1569 4167; x_wconf 84' lang='lat' dir='ltr'>Baptizentur</span> 
     </span>
     <span class='ocr_line' id='line_1_36' title="bbox 525 4194 1568 4285; baseline 0.003 -25"><span class='ocrx_word' id='word_1_227' title='bbox 525 4203 643 4260; x_wconf 89' lang='lat' dir='ltr'>autem</span> <span class='ocrx_word' id='word_1_228' title='bbox 663 4194 792 4261; x_wconf 88' lang='lat' dir='ltr'>iterum</span> <span class='ocrx_word' id='word_1_229' title='bbox 811 4194 981 4274; x_wconf 88' lang='lat' dir='ltr'>baeretici,</span> <span class='ocrx_word' id='word_1_230' title='bbox 1000 4204 1040 4261; x_wconf 90' lang='lat' dir='ltr'>ut</span> <span class='ocrx_word' id='word_1_231' title='bbox 1057 4194 1231 4283; x_wconf 83' lang='lat' dir='ltr'>accipiant</span> <span class='ocrx_word' id='word_1_232' title='bbox 1249 4194 1428 4262; x_wconf 86' lang='lat' dir='ltr'>remissam</span> <span class='ocrx_word' id='word_1_233' title='bbox 1447 4217 1568 4285; x_wconf 87' lang='lat' dir='ltr'>pecca·</span> 
     </span>
    </p>
   </div>
   <div class='ocr_carea' id='block_1_7' title="bbox 845 4398 1248 4471">
    <p class='ocr_par' dir='ltr' id='par_1_9' title="bbox 845 4398 1248 4471">
     <span class='ocr_line' id='line_1_37' title="bbox 845 4398 1248 4471; baseline -0.002 -18"><span class='ocrx_word' id='word_1_234' title='bbox 845 4398 859 4442; x_wconf 85' lang='lat'>¹¹</span> <span class='ocrx_word' id='word_1_235' title='bbox 875 4400 1006 4455; x_wconf 83' lang='lat' dir='ltr'>Vaticani</span> <span class='ocrx_word' id='word_1_236' title='bbox 1021 4398 1110 4455; x_wconf 86' lang='lat' dir='ltr'>MSS.</span> <span class='ocrx_word' id='word_1_237' title='bbox 1117 4398 1248 4471; x_wconf 79' lang='lat' dir='ltr'>feriebat.</span> 
     </span>
    </p>
   </div>
   <div class='ocr_carea' id='block_1_8' title="bbox 0 0 1957 5167">
    <p class='ocr_par' dir='ltr' id='par_1_10' title="bbox 0 0 1957 5167">
     <span class='ocr_line' id='line_1_38' title="bbox 0 0 1957 5167; baseline 0 0"><span class='ocrx_word' id='word_1_238' title='bbox 0 0 1957 5167; x_wconf 95' lang='lat' dir='ltr'> </span> 
     </span>
    </p>
   </div>
  </div>
 </body>
</html>
