3900 5167
638 445 882 509 RESPONSA
906 444 973 507 AD
998 443 1262 507 EPISCOPOS.
1440 438 1503 504 261

450 623 556 693 tismo
576 622 719 705 mutati,
737 619 821 688 dum
845 617 973 688 saeculo
990 617 1106 686 verbis
1131 615 1215 686 solis
1240 623 1278 684 et
1304 637 1374 683 non
1392 613 1502 694 {sactis

450 737 666 817 renuntiant,
683 735 728 805 ad
745 734 906 804 membra
923 732 1091 803 Ecclesiae
1109 728 1313 825 pertinent?
1340 728 1501 800 Videant

450 853 477 923 si
497 853 573 944 ipss
589 858 644 921 est
661 849 723 920 ilia
739 857 849 942 petra,
867 850 896 918 si
922 849 998 941 ipsa
1022 857 1077 917 est
1102 846 1277 929 columba,
1294 846 1322 915 si
1347 847 1422 938 ipsa
1445 853 1500 916 est

450 990 578 1061 sponsa
594 968 670 1036 sins
686 964 826 1035 macula
842 972 880 1033 st
898 986 995 1056 ruga.

502 1083 636 1153 Paulus
662 1104 684 1152 a
706 1080 832 1150 Bobba
857 1080 968 1149 dixit:
994 1076 1059 1148 Me
1085 1100 1154 1148 oon
1181 1085 1289 1147 monet
1315 1076 1348 1145 si
1374 1074 1574 1169 uliquiscff,
1592 1120 1628 1155 ,.,

451 1194 733 1289 Ecclcsiaefidem
752 1203 783 1264 ct
800 1194 974 1265 ceritatem
992 1216 1061 1262 non
1078 1191 1240 1275 vindicat,
1255 1189 1392 1285 quondo
1403 1189 1502 1285 Apo-

451 1309 558 1382 stolus
574 1309 678 1390 dicut,
693 1306 789 1397 Quid
804 1307 907 1389 onim,
920 1306 1004 1400 quio
1021 1306 1223 1377 ecciderunt
1238 1304 1344 1399 oflde
1361 1304 1621 1443 quidamsmu
1624 1328 1662 1376 ι

454 1424 602 1508 illorum
629 1422 800 1517 namquid
825 1421 1068 1515 infidelitati
1039 1445 1052 1491 t
1065 1421 1176 1493 lorum
1196 1420 1306 1516 fidem
1329 1419 1402 1491 Dei
1427 1445 1503 1493 coo-

453 1540 599 1613 cmvii?
641 1538 765 1610 Adsit:
792 1548 841 1609 est
870 1538 961 1608 enim
986 1535 1084 1608 Deus
1113 1562 1230 1623 cerac,
1256 1538 1367 1607 omnis
1392 1544 1504 1607 sulam

453 1656 554 1729 bomo
580 1654 739 1727 mendac.
790 1654 836 1727 Si
860 1663 972 1725 autem
997 1653 1095 1725 Deus
1119 1678 1228 1725 cerac
1252 1663 1310 1736 est,
1338 1652 1504 1747 quomodo

454 1772 550 1869 cpisd
564 1770 742 1843 koeretioos
762 1770 923 1865 baptismi
939 1771 1065 1841 ceritas
1085 1794 1156 1841 csse
1175 1779 1292 1864 polest,
1310 1768 1405 1864 opud
1419 1791 1504 1863 quos

455 1888 553 1961 Deus
570 1911 640 1958 non
657 1886 738 1957 est?

506 2004 603 2075 Huic
634 2003 884 2095 respondetur:
912 2000 1033 2083 Quid:
1060 2002 1155 2093 apud
1177 2023 1300 2072 avaros
1328 2003 1532 2092 numquids

455 2131 510 2192 ost
527 2109 651 2190 Deus?
681 2117 731 2188 Et
748 2127 869 2187 tamen
886 2126 941 2187 cst
958 2116 1172 2208 baptismus:
1198 2118 1250 2187 ita
1266 2126 1303 2187 ot
1321 2118 1414 2209 apud
1432 2117 1504 2185 hoe-

455 2238 595 2305 reticos
646 2233 753 2327 Apud
780 2255 868 2323 quos
894 2233 991 2301 enim
1014 2230 1114 2302 Deus
1140 2243 1205 2315 est,
1231 2232 1406 2325 tempium
1433 2231 1503 2303 Dsi

456 2361 552 2421 sunt.
602 2349 690 2432 Quas
714 2358 836 2419 autem
863 2348 1070 2439 compositio
1091 2348 1226 2440 templo
1244 2347 1313 2418 Dei
1331 2371 1411 2418 curo
1430 2348 1634 2418 ido-acmo.

457 2462 524 2534 lis?
551 2462 661 2532 Porro
684 2463 878 2541 avaritiam,
896 2460 1131 2532 idololatriam
1151 2462 1283 2532 Paulus
1300 2464 1418 2545 sentit,
1436 2425 1553 2555 (ly-¹(h

456 2580 599 2672 prisnus
623 2580 810 2661 consentit,
832 2588 870 2648 et
895 2578 1030 2647 idem
1020 2600 1096 2669 ipss
1125 2578 1219 2648 inter
1247 2578 1399 2671 collegas
1428 2599 1506 2669 rap-

457 2703 562 2775 tores,
594 2703 713 2764 tamon
743 2694 989 2784 baptizatores,
1019 2716 1101 2763 cum
1129 2688 1280 2787 ¹‘magna
1310 2693 1506 2763 tolerantia

458 2809 621 2879 mercede
638 2817 806 2878 versatur.

509 2924 727 3016 Pomponius
756 2947 780 2993 a
809 2922 1025 3015 Dionysiana
1054 2922 1168 2993 dixit:
1197 2922 1428 3019 Manifestum
1458 2928 1628 2994 eston-12·

458 3037 636 3110 doercticos
661 3061 730 3109 non
753 3062 854 3132 posse
879 3036 1065 3132 baptizare,
1083 3047 1115 3108 ct
1131 3039 1365 3109 comunionem
1387 3064 1507 3133 pecco-

460 3164 572 3225 torum
589 3153 684 3238 dure,
702 3154 764 3247 qui
785 3162 982 3247 potestatem
1005 3177 1074 3224 noo
1097 3151 1285 3237 habentui
1305 3164 1365 3226 aut
1380 3154 1508 3228 solvere

460 3278 521 3340 aut
536 3268 646 3366 lipare
661 3267 798 3363 aliquid
812 3270 850 3339 in
868 3270 970 3339 torris
981 3269 1128 3363 possint.

511 3386 777 3478 Respondstur:
806 3386 911 3457 Hanc
928 3394 1142 3477 potestatem
1160 3409 1227 3456 noc
1244 3387 1429 3457 homicida
1446 3386 1507 3457 ba·

460 3503 559 3584 bont,
576 3503 611 3571 id
630 3511 694 3584 est,
712 3503 771 3592 qui
791 3503 943 3571 odsruut
959 3502 1094 3571 fratres.
1148 3500 1233 3571 Non
1257 3503 1352 3572 enim
1375 3501 1507 3572 talibus

461 3619 596 3687 dictum
615 3625 691 3697 est:
717 3615 755 3686 Si
780 3616 837 3685 cui
865 3616 1068 3688 dimiseritis
1098 3627 1253 3708 peccata,
1280 3619 1646 3688 dimittentuerm

461 3733 516 3814 ei;
542 3732 569 3801 si
596 3732 652 3801 cui
680 3733 876 3814 tenueritis,
894 3732 1122 3802 tenebuntur.
1175 3732 1224 3803 Et
1246 3744 1366 3804 tamen
1392 3706 1555 3826 bapti-3'

461 3857 553 3928 naut,
571 3859 610 3916 et
626 3870 687 3916 sos
710 3848 745 3915 in
769 3848 894 3916 eadem
912 3847 1077 3939 baptismi
1094 3849 1344 3919 communione
1361 3857 1398 3919 et
1416 3848 1510 3921 Pau·

463 3962 518 4032 lus
535 3960 673 4043 tolerat
691 3970 730 4032 st
748 3961 942 4053 Cyprianus
959 3964 1129 4054 agnoscit.

514 4078 714 4147 Venantins
732 4102 752 4146 a
770 4077 888 4147 Tinisa
905 4080 1015 4148 dixit:
1042 4077 1088 4150 Si
1104 4080 1250 4149 moritus
1267 4104 1413 4178 pcreprs
1426 4093 1582 4175 pro-su·
1595 4108 1631 4152 ¹3·

452 4195 623 4287 ficissent,
642 4193 752 4263 amico
768 4216 831 4262 suo
847 4193 1109 4264 comnsmaedoaset
1126 4218 1267 4264 umorem
1285 4220 1382 4266 sctum
1401 4207 1509 4268 masto·

613 4380 629 4425 k
646 4382 826 4439 Corbeiensis
841 4383 903 4439 cod.
919 4392 948 4440 ct
962 4383 1008 4439 alii
1023 4384 1117 4457 pluras
1132 4381 1221 4441 MSS.
1236 4402 1346 4459 moysea.
