3900 5167
545 464 588 529 ’78
761 458 1014 524 ARCHELAI
1046 457 1111 521 ET
1142 456 1365 522 MANETIS

545 634 652 703 tione.
705 630 755 701 Et
779 630 956 721 quomodo
982 628 1069 698 mihi
1096 629 1278 721 qnisquam
1305 628 1414 710 dicet,
1438 628 1522 721 quia
1544 628 1590 697 sd

544 748 734 840 imaginem
762 745 831 815 Dei
854 746 968 816 factus
993 755 1048 815 est
1072 754 1173 838 pater
1197 754 1318 814 noster
1333 742 1464 827 Adam,
1481 754 1521 815 et
1544 744 1589 813 ad

544 862 824 944 similitudinem,
842 872 880 931 et
896 860 1021 931 similis
1037 872 1093 931 est
1110 862 1155 943 ei,
1172 861 1232 953 qni
1254 860 1341 931 fecit
1357 860 1468 932 enm?
1493 860 1589 945 Quo-

544 979 650 1048 modo
676 999 807 1056 omnes,
832 977 892 1068 qui
918 998 1031 1045 exeo
1056 976 1213 1069 generati
1237 996 1368 1056 sumus,
1396 976 1532 1047 similes
1556 978 1587 1046 ei

545 1092 689 1164 snmus?
715 1092 787 1160 imo
818 1114 900 1161 vero
925 1114 946 1160 e
976 1092 1151 1161 contrario
1184 1089 1345 1183 plurima
1370 1090 1474 1161 nobis
1506 1102 1589 1162 sunt

544 1208 677 1287 forma,
694 1207 820 1277 diversi
838 1205 958 1276 vultus
984 1206 1139 1276 ferentes
1155 1204 1332 1299 effigiem?
1357 1205 1465 1290 Quod
1482 1229 1587 1298 quam

545 1344 666 1392 verum
685 1323 731 1392 sit
745 1321 992 1391 demonstrabo
1010 1321 1108 1391 vobis
1125 1322 1163 1390 in
1179 1320 1364 1414 parabolis
1394 1319 1588 1393 Intuemini

544 1436 631 1505 mihi
648 1436 802 1527 aliquem
818 1435 997 1506 volentem
1015 1431 1259 1518 dthesaurum,
1271 1444 1335 1506 aut
1346 1435 1481 1529 aliquid
1494 1436 1588 1507 alind

545 1552 692 1644 signare,
710 1561 748 1621 et
765 1562 910 1643 accepta
927 1574 1017 1633 cera,
1036 1551 1091 1621 vel
1110 1551 1187 1620 luto
1205 1551 1296 1622 velle
1313 1551 1433 1622 vultus
1450 1548 1505 1623 sui
1523 1553 1589 1646 sig·

544 1666 721 1745 naculum,
739 1667 832 1757 quod
859 1667 962 1759 gerit,
981 1667 1200 1757 exprimam
1225 1665 1321 1758 qnod
1341 1668 1371 1737 si
1397 1667 1488 1738 alins
1506 1690 1588 1759 quo-

545 1804 614 1873 quc
632 1780 751 1851 vultus
768 1783 822 1850 sui
839 1780 988 1872 figuram
1005 1780 1168 1851 similiter
1184 1775 1404 1872 expres‘sent,
1418 1781 1587 1876 numquid

585 2042 600 2088 d
614 2045 755 2121 Antiquos
768 2044 859 2101 anulis
873 2044 969 2101 omnia
983 2044 1119 2120 signasse,
1134 2062 1196 2118 qna
1210 2062 1228 2101 a
1240 2044 1471 2115 domesticorum,
1487 2055 1517 2103 et
1530 2064 1585 2103 ser·

545 2159 644 2199 vorum
666 2139 772 2217 rapinis
794 2141 936 2197 vindicare
961 2141 1137 2217 satagebant,
1165 2159 1253 2206 arcas,
1276 2142 1406 2207 minaria,
1428 2143 1586 2218 amphoras,

544 2266 657 2323 penum,
671 2247 781 2320 aliaque
801 2246 878 2303 furto
899 2264 932 2303 ac
953 2246 1058 2321 rapinae
1080 2244 1212 2310 obnoxia,
1226 2264 1272 2303 res
1292 2247 1441 2304 notissima
1458 2256 1505 2306 est
1518 2248 1587 2305 anti·

545 2344 659 2420 quitatis
675 2344 809 2400 Romenae
824 2352 853 2400 et
865 2343 973 2400 Graece
988 2344 1130 2407 studiosis,
1145 2343 1236 2417 deque
1250 2362 1284 2401 ea
1296 2354 1362 2418 post
1375 2343 1446 2402 alios
1459 2346 1519 2403 late
1531 2345 1590 2421 agit

546 2438 735 2495 Kirchmanus
749 2439 784 2495 de
800 2439 898 2495 Anulis
912 2458 972 2515 cap.
988 2456 1032 2497 10.
1068 2439 1154 2497 Anuli
1168 2439 1205 2495 ad
1222 2439 1278 2497 hoc
1298 2440 1376 2506 facti,
1389 2441 1547 2516 amorii,
1561 2449 1590 2499 et

544 2537 712 2611 sigillatorii,
734 2545 763 2593 et
779 2555 797 2592 a
819 2536 941 2610 Vopisco
963 2537 993 2594 in
1015 2536 1177 2604 Aureliano,
1199 2536 1353 2611 sigillaritii
1374 2547 1587 2614 nuncupantur;

545 2633 612 2707 quin
633 2641 662 2689 et
682 2633 829 2707 mpnoculu,
846 2641 877 2690 nt
896 2634 1026 2691 Archelai
1047 2632 1245 2708 disputationis
1265 2632 1404 2709 interpres
1424 2636 1521 2703 vertit,
1536 2633 1589 2692 dici

545 2747 628 2802 posse
643 2729 714 2785 scite
728 2729 814 2784 tradit
825 2728 979 2784 Salmasius
995 2729 1030 2785 de
1052 2727 1250 2802 subsignandis
1271 2730 1449 2788 testamentis
1467 2749 1528 2806 cap.
1543 2749 1588 2805 19.

547 2828 620 2881 Cera
634 2833 728 2883 antem
744 2826 772 2881 in
787 2826 860 2882 hanc
880 2845 939 2882 rem
959 2845 1025 2882 usos
1046 2826 1131 2882 fnisse
1148 2834 1258 2883 veteres
1278 2827 1335 2884 late
1355 2828 1458 2902 probat
1472 2828 1590 2886 Vossius
1609 2865 1613 2872 -

545 2922 580 2978 de
595 2923 759 2979 Idololatria
777 2924 826 2979 lib.
842 2924 878 2980 iv.
901 2942 963 2998 cap.
979 2941 1028 2998 91.
1064 2923 1107 2980 De
1128 2932 1214 2988 creta,
1230 2943 1314 2998 qnam
1334 2925 1427 2990 lutum,
1442 2926 1518 2984 idem
1536 2929 1588 2984 Ar·

545 3017 633 3075 chelai
646 3020 783 3094 interpres
797 3029 889 3084 vocat,
904 3021 986 3076 testis
1007 3027 1051 3076 est
1072 3020 1185 3076 Servius
1206 3020 1235 3077 in
1256 3021 1304 3078 lib.
1320 3022 1356 3079 iv.
1392 3022 1533 3082 AEneidos
1553 3024 1590 3081 od

544 3116 591 3172 illa
606 3118 707 3182 verba;
730 3117 874 3192 Longaeva
895 3118 1043 3183 Sacerdos,
1064 3119 1111 3175 nbi
1130 3118 1237 3176 Sibilloe
1258 3120 1334 3194 apud
1355 3119 1462 3178 Cumas
1482 3123 1588 3198 agenti,

544 3214 579 3269 ab
595 3213 750 3289 Erythraeis
769 3216 916 3288 epistolam
939 3215 1054 3271 missam
1074 3215 1160 3271 fuisse
1181 3215 1276 3283 refert,
1292 3223 1367 3271 creta
1387 3219 1497 3290 antiquo
1518 3234 1589 3273 more

544 3310 688 3385 mgnatom.
731 3311 866 3368 Meminit
884 3312 1048 3369 Herodotus
1069 3311 1098 3367 in
1117 3312 1240 3385 Euterpe
1253 3314 1301 3385 γῆς
1314 3314 1495 3383 σημαντρίδος,
1511 3322 1590 3369 terre

544 3411 709 3484 noscimus,
724 3419 752 3467 et
767 3411 868 3467 Cicero
882 3419 954 3466 orat.
970 3429 999 3483 4.
1013 3410 1043 3466 in
1057 3410 1177 3466 Verrem
1195 3410 1320 3482 epistolae
1335 3409 1438 3465 matulo
1460 3410 1587 3485 signata.

546 3508 635 3584 Cujus
650 3520 743 3567 antem
758 3511 871 3585 generis
885 3519 959 3567 esset
973 3510 1035 3566 haec
1052 3517 1128 3567 terra
1141 3529 1177 3566 ex
1191 3511 1292 3567 eodem
1306 3510 1445 3567 Cicerone
1459 3511 1548 3584 liquet
1562 3512 1589 3568 in

546 3606 596 3663 Or.
612 3627 663 3681 pro
678 3608 789 3672 Flacco,
804 3607 850 3664 nbi
866 3608 905 3664 sic
920 3608 967 3663 ait.
989 3608 1059 3664 Haec
1077 3626 1134 3683 qua
1148 3625 1164 3661 a
1178 3607 1254 3663 nobis
1268 3607 1381 3681 prolata
1401 3607 1524 3665 losduno
1544 3608 1587 3665 ob·

545 3702 652 3777 agnota
670 3713 729 3759 mat
750 3713 825 3760 creto
846 3704 894 3760 illo
908 3704 1044 3767 Asiatico,
1060 3721 1118 3779 quae
1131 3701 1199 3775 sere
1219 3710 1259 3758 est
1281 3702 1400 3759 manibus
1420 3710 1485 3758 nota
1505 3704 1589 3767 nobis,

546 3819 597 3874 quo
612 3810 723 3857 utuntur
737 3821 826 3857 omnes
848 3821 898 3857 non
917 3802 994 3856 modo
1014 3802 1042 3856 in
1056 3800 1185 3875 publicis,
1201 3801 1286 3855 sedet
1308 3800 1335 3855 in
1352 3800 1474 3873 privatis
1495 3800 1589 3857 litum.

546 3897 662 3973 Pinguis
677 3899 761 3965 enim,
777 3899 863 3967 lenta,
879 3907 907 3955 et
921 3899 1065 3974 glutinosa
1079 3906 1123 3954 est
1137 3906 1214 3954 creta
1230 3896 1286 3954 illa.
1329 3896 1458 3970 Denique
1474 3897 1509 3954 de
1526 3916 1590 3972 pro·

546 3994 598 4067 prii
609 3996 704 4051 vultus
718 3995 841 4070 imagine
851 3997 880 4052 in
895 3996 986 4052 anulis
997 3995 1139 4051 interdum
1151 4001 1344 4067 representatis
1354 3994 1433 4050 locus
1443 4002 1489 4051 est
1501 3994 1593 4052 Plauti

546 4091 575 4146 in
597 4092 737 4148 Pseudolo
752 4110 828 4149 scen.
848 4111 872 4148 1.
894 4093 942 4148 Eo
964 4110 1045 4147 causo
1066 4091 1143 4146 miles
1163 4091 1207 4146 laic
1228 4091 1337 4165 reliquit
1357 4090 1515 4164 symbolum,
1530 4092 1593 4148 Es·

541 4207 667 4263 pressum
682 4191 709 4244 in
720 4208 780 4244 cero
794 4209 828 4244 es
841 4189 920 4245 anolo
930 4207 1006 4244 suum
1020 4190 1170 4263 imaginem.
1192 4187 1335 4245 ceterum
1350 4187 1485 4245 thaesanri
1500 4190 1595 4265 sigillo

547 4284 689 4361 obsignati
704 4287 810 4342 mentio
825 4295 868 4342 est
882 4287 956 4360 apud
967 4286 1178 4343 Theodoretum
1190 4287 1219 4342 in
1234 4293 1305 4342 orat.
1317 4301 1345 4361 5.
1360 4286 1396 4342 de
1410 4287 1593 4360 providentia

547 4382 622 4440 haud
636 4384 734 4457 procul
748 4384 783 4440 ab
794 4383 882 4446 initio,
899 4384 946 4440 nbi
960 4384 996 4440 de
1010 4382 1120 4458 apibus.
