3900 5167
820 256 1132 321 DISPUTATIO.
1436 259 1495 320 151

450 428 569 521 ¹¹exigi
586 427 632 498 ab
649 450 694 497 eo
710 427 780 507 illa,
798 451 876 519 quae
901 452 965 519 per
988 428 1148 500 fmudem
1166 429 1411 522 interceperat,
1422 430 1499 521 jus·

451 542 628 613 tissimum
651 551 717 625 est,
735 544 891 613 maxime
913 563 996 614 cum
1019 543 1134 614 multa
1150 546 1197 614 sit
1219 567 1364 617 merces.
1417 546 1499 617 Hoc

451 669 575 730 autem
598 660 687 741 dico,
706 661 846 751 quando
864 660 1023 753 AEgyptii
1048 660 1251 753 affligebant
1272 662 1364 732 filios
1390 662 1499 734 Israel

452 796 517 865 per
532 796 678 865 operum
697 773 935 866 compulsores
952 776 989 845 in
1007 776 1180 869 fingendis
1206 775 1385 857 lateribus,
1404 779 1499 869 quod

452 912 535 958 eum
562 890 742 981 suppliciis
772 888 917 983 Moyses
950 901 1069 961 totum
1103 892 1234 984 pariter
1267 893 1360 962 intra
1387 916 1498 963 unum

453 1013 678 1073 momentum
706 1008 875 1097 temporis
905 1008 1044 1100 exegit3
1071 1007 1251 1098 ⁰nunquid
1280 1008 1346 1078 hoc
1372 1010 1500 1101 iniqui·

452 1129 507 1188 tas
532 1119 743 1211 appellanda
767 1118 846 1189 esti
874 1119 990 1191 Absit.
1043 1120 1112 1190 Illa
1134 1145 1217 1191 sane
1247 1123 1415 1194 bonitatis
1445 1135 1500 1194 est

453 1235 699 1315 Pabstineutia,
722 1258 804 1305 oum
830 1237 945 1305 utitur
970 1236 1048 1327 quis
1078 1236 1269 1329 frugaliter,
1294 1241 1500 1310 renuntians

453 1350 626 1429 omnibus,
643 1374 722 1442 quae
747 1350 923 1442 superflua
943 1361 1036 1421 sunt.
1088 1351 1216 1434 aQuod
1235 1356 1369 1423 veroin
1388 1358 1499 1426 veteri

453 1473 669 1535 testamento
686 1466 822 1536 dictum
840 1475 914 1536 est:
943 1466 1038 1559 'Ego
1060 1468 1206 1537 divitem
1234 1469 1334 1552 facio,
1352 1480 1390 1539 et
1415 1494 1501 1562 pau·

454 1600 596 1670 perem;
626 1579 731 1650 Jesns
760 1604 843 1650 vero
876 1581 1057 1651 beatificat
1090 1605 1271 1673 pauperes,
1301 1607 1372 1653 non
1407 1583 1500 1655 dixit

453 1694 634 1766 ¹secularis
657 1696 862 1766 substantiae
879 1719 1060 1788 pauperes,
1079 1699 1140 1766 sed
1166 1720 1337 1788 pauperes
1363 1702 1502 1790 spiritu,

454 1812 489 1880 id
503 1823 568 1893 est,
580 1814 640 1904 qui
652 1835 721 1881 non
735 1813 899 1904 superbia
911 1811 1201 1893 '‘inflammantur,
1220 1814 1281 1882 sed
1298 1813 1500 1887 humilitate

454 1927 509 1996 ‘se
526 1928 703 2019 mitigant,
721 1938 757 1997 et
773 1926 956 2009 inclinant,
974 1935 1061 1996 ’non
1085 1927 1164 2019 plus
1189 1930 1374 2019 sapientes,
1394 1954 1500 2022 quam

454 2051 595 2133 oportet
617 2065 749 2135 sapere.
801 2042 915 2125 Quam
936 2044 1080 2134 quidem
1106 2043 1322 2114 adversarius
1340 2049 1502 2136 quaestio-

455 2181 537 2229 nem
564 2181 634 2228 uon
660 2167 905 2249 competenter
929 2160 1074 2249 aptavit.
1128 2157 1199 2228 Hic
1226 2160 1319 2228 enim
1342 2161 1444 2230 video
1463 2173 1501 2233 et

455 2273 580 2343 lesum
606 2272 760 2343 libenter
784 2274 984 2343 intuentem
1007 2274 1156 2341 divitum
1183 2296 1340 2355 munera,
1358 2298 1440 2344 cum
1464 2279 1500 2346 in

455 2388 704 2482 gazophylacio
735 2387 971 2468 ‘'offeruntun
1001 2397 1039 2457 et
1072 2411 1197 2479 parum
1230 2387 1297 2459 hoc
1326 2400 1391 2471 est,
1421 2394 1449 2461 si
1479 2415 1502 2462 a

457 2502 538 2574 solis
563 2503 732 2573 divitibus
756 2504 793 2571 in
818 2501 1068 2595 gazophylacio
1089 2526 1237 2572 munera
1261 2504 1499 2589 ¹offeruntur3

496 2711 512 2742 ¹¹
535 2700 636 2757 Codex
653 2700 812 2764 Bobiensis,
826 2708 853 2755 et
866 2699 938 2774 eripi
951 2699 985 2755 ab
999 2718 1029 2755 eo
1044 2699 1102 2763 illo,
1117 2718 1174 2774 quc
1185 2700 1294 2773 fraude
1311 2702 1500 2776 interceperat.

459 2798 618 2855 Carrinensis
638 2817 716 2866 vero,
730 2798 807 2871 eripe
827 2796 861 2852 ub
874 2815 904 2851 eo
922 2796 970 2851 illo
985 2814 1042 2870 quc
1053 2796 1184 2869 fraudem
1205 2798 1393 2870 interceperat.
1437 2798 1501 2855 Nos

459 2914 490 2951 ex
505 2906 624 2970 utroque
638 2896 735 2953 codice
749 2894 893 2951 meliorem
907 2893 1057 2950 lectionem
1073 2894 1265 2950 conflavimus.

495 3002 510 3033 ⁰
524 2993 644 3049 Bobien.
658 2992 752 3066 eripit,
769 2991 889 3065 numid
901 2990 1040 3064 iniquiter.

495 3100 511 3144 Ρ
526 3089 602 3145 llinc
616 3097 694 3163 patet
704 3087 847 3143 Valerium
863 3096 940 3143 recte
953 3088 989 3143 ad
1004 3087 1162 3161 marginem
1174 3088 1339 3144 emendasse
1351 3089 1500 3147 Bobiensis

460 3186 559 3242 codicis
572 3185 733 3250 lectionem,
750 3203 811 3259 quse
826 3184 919 3250 habet,
935 3184 1063 3240 absentio.

495 3283 624 3340 ocodex
639 3282 798 3344 Bobiensis,
816 3281 894 3344 Quod
905 3300 980 3355 erpo,
992 3289 1021 3338 et
1035 3301 1113 3346 mox,
1129 3282 1210 3339 Jecur
1224 3283 1370 3357 leatificat.

496 3390 508 3420 ¹
522 3379 622 3437 Codex
637 3379 796 3442 Bobiensis,
810 3379 934 3434 roewlnrr‘
947 3378 1106 3435 substantie.
1131 3380 1210 3451 (For.
1225 3380 1430 3453 praeferendum
1445 3380 1500 3437 hoc

461 3479 518 3547 ¹⁸¹)

496 3583 508 3614 ¹
522 3574 618 3635 Forte.
632 3574 773 3648 inflentur.

495 3673 505 3712 ¹
519 3672 619 3729 Codex
634 3671 753 3728 Bobien.
768 3670 922 3728 humilitate
934 3674 1071 3746 mitipuut.

496 3779 511 3809 ¹¹
531 3769 630 3825 Codex
653 3768 785 3826 Cusinen.
806 3769 962 3840 curventur,
984 3777 1010 3824 et
1025 3786 1174 3854 pauperum
1196 3768 1246 3825 lroe
1266 3778 1315 3825 est.
1350 3769 1500 3826 Bobiensis

460 3872 558 3931 autem,
581 3868 747 3939 efferuntur,
775 3873 802 3920 et
823 3884 922 3939 parum
950 3865 1000 3921 lroc
1022 3873 1072 3929 ert,
1095 3884 1157 3939 quae
1181 3883 1249 3921 vera
1272 3876 1316 3923 est
1338 3867 1422 3941 hujus
1444 3866 1499 3923 loci

459 3955 546 4018 lectio.

498 4068 511 4098 ¹
525 4059 622 4115 Codex
637 4059 797 4124 Bobiensis,
811 4060 976 4134 inferuntur.

577 4185 583 4207 ¹
599 4179 680 4235 Prov.
696 4180 765 4235 xxii.
785 4198 809 4235 2.
831 4180 904 4235 Mat.
920 4200 945 4233 v.
962 4198 990 4252 3.
1163 4185 1171 4207 ¹
1188 4181 1269 4234 Rom.
1285 4180 1331 4235 nii.
1348 4197 1375 4251 3.
