3900 5167
665 454 907 519 RESPONSA
934 454 999 515 ΑΙ)
1022 453 1286 518 EPISCOPOS.
1432 451 1496 514 245

502 627 684 721 Eugenius
708 627 754 697 ab
777 625 993 696 Ammedcra
1017 626 1130 694 dixit:
1156 622 1206 694 Et
1230 646 1291 720 epo
1316 620 1380 693 hoc
1406 622 1569 694 idearum.
1583 654 1623 703 ῃ

448 766 578 828 certeco,
593 740 770 813 loereticos
785 739 1009 836 baptizandos
1024 764 1106 811 esse.

502 858 599 929 Huic
621 858 873 950 respondetur:
900 856 971 926 Sed
998 880 1068 924 uon
1094 856 1162 926 hoc
1187 867 1309 927 censet
1326 854 1496 939 Ecclesia,

448 978 507 1046 cui
526 976 625 1045 Deus
635 975 711 1065 jam
730 971 886 1064 plenario
902 973 1011 1041 etiam
1032 970 1182 1041 concilio
1205 971 1384 1053 revelavit,
1401 972 1493 1061 quod

449 1101 537 1161 tuuc
566 1090 683 1161 adhuc
712 1088 816 1159 aliter
844 1088 989 1179 quidem
1020 1088 1229 1179 sapiebatis3
1255 1088 1316 1157 sed
1347 1089 1430 1179 quia
1459 1088 1640 1167 insuam

450 1206 551 1276 vobis
566 1210 693 1276 caritas
708 1203 805 1275 salva
820 1215 906 1281 erat,
924 1205 960 1273 iu
979 1204 1117 1273 unitate
1134 1204 1405 1295 permanebatis.
1508 1183 1546 1232 ¹⁵'

501 1321 596 1390 Item
617 1319 708 1390 alius
725 1319 829 1389 Felix
851 1319 897 1390 ab
915 1318 1115 1388 Amaccura
1137 1319 1248 1389 dixit:
1273 1317 1325 1389 Et
1349 1319 1422 1412 ipse
1445 1333 1624 1395 sar-cmo.

451 1444 548 1506 cutus
564 1434 763 1507 diuinarum
776 1434 1042 1528 rS'crrptururum
1059 1435 1308 1516 auctoritatem,
1321 1432 1498 1505 hereticos

450 1549 674 1645 baptizandos
690 1574 760 1621 csse
776 1572 914 1628 ccnaeo:
939 1547 1001 1619 scd
1015 1558 1047 1619 et
1063 1572 1118 1620 eos
1142 1551 1204 1644 qui
1225 1572 1261 1619 sc
1282 1549 1378 1645 apud
1391 1548 1499 1621 schra-

451 1667 593 1738 maritos
615 1666 803 1761 baptizatas
828 1689 898 1736 csse
923 1664 1139 1735 contendunt.
1191 1664 1236 1737 Si
1265 1667 1355 1736 cuim
1381 1690 1499 1738 secun·

451 1781 533 1852 dum
554 1792 690 1853 cardum
709 1779 857 1863 Christi,
878 1781 1036 1876 priuatus
1049 1779 1140 1875 sons
1164 1791 1278 1853 casm
1298 1791 1355 1865 est,
1375 1780 1501 1853 inulli-
1552 1820 1558 1836 =

447 1907 535 1994 pant
553 1898 668 1969 macti
682 1896 850 1968 Ecclesioe
871 1906 999 1967 nostra
1020 1896 1225 1980 adversa-rii,
1244 1899 1326 1993 quia
1344 1898 1500 1969 ”clienta

451 2037 522 2084 arse
548 2036 617 2084 nou
641 2021 760 2107 potest,
778 2036 839 2083 nec
861 2010 990 2083 duabus
1009 2010 1150 2106 pupulis
1171 2012 1356 2085 salutarem
1373 2038 1499 2109 aquam

454 2127 603 2200 tribucre
626 2137 739 2223 polest
763 2126 822 2198 ille
841 2129 903 2223 qui
929 2128 1033 2197 unius
1057 2130 1174 2225 prepis
1198 2138 1320 2223 pastor
1340 2138 1399 2200 cst.
1449 2129 1501 2202 Es

451 2244 529 2316 idco
553 2242 773 2338 manifestum
800 2252 858 2326 est,
882 2266 944 2313 nec
971 2240 1150 2313 kaercticos
1179 2268 1240 2316 nec
1266 2242 1500 2316 schismaticos

450 2358 587 2454 ali'quid
600 2357 731 2430 caelcstc
744 2360 927 2452 accipere,
944 2357 1007 2452 qui
1032 2381 1053 2426 a
1072 2358 1291 2452 pcccunlrdur
1305 2357 1500 2431 hominibus

451 2473 553 2547 etad
582 2472 740 2546 Ecclesia
768 2474 944 2544 abramii
977 2472 1105 2544 audent
1138 2476 1300 2569 accipere.
1352 2473 1500 2564 Quando

451 2592 551 2663 danti
566 2589 660 2662 lacus
678 2613 748 2661 aon
764 2599 824 2672 cst,
841 2591 959 2685 atique
975 2613 1036 2660 uec
1052 2590 1237 2684 accipienti
1246 2589 1398 2686 prodest.

504 2708 601 2778 Huic
613 2708 853 2799 respondetur,
867 2706 1068 2797 Scripturas
1080 2708 1216 2777 divinas
1228 2730 1400 2801 nusquam
1414 2731 1501 2799 prae-

452 2825 595 2917 cepisse,
614 2833 654 2893 ut
680 2823 838 2893 haeretici
865 2824 958 2914 apud
985 2822 1172 2894 haereticos
1193 2824 1361 2916 baptizati
1382 2824 1500 2895 denuo

452 2941 695 3032 baptizentur;
721 2939 782 3008 sed
805 2937 928 3008 multis
949 2937 1036 3009 locis
1052 2940 1257 3022 ostendisse,
1274 2940 1407 3013 alienos
1423 2964 1501 3012 esse

452 3057 498 3127 ab
515 3055 686 3137 Ecclesia,
708 3077 830 3125 omnes
855 3055 916 3145 qui
947 3078 1019 3125 uon
1049 3066 1132 3126 sunt
1161 3058 1198 3125 in
1228 3065 1338 3149 petra,
1363 3079 1430 3127 nee
1454 3058 1500 3127 ad

453 3172 626 3242 columbae
648 3170 743 3241 illius
765 3171 926 3240 membra
953 3174 1154 3263 pertiueut;
1177 3184 1215 3243 et
1239 3183 1358 3243 tamen
1387 3174 1502 3267 bapti·

451 3312 532 3359 zare
549 3299 587 3358 et
604 3288 784 3379 baptizari,
802 3296 840 3357 et
863 3286 994 3359 habere
1017 3290 1093 3358 sine
1110 3287 1225 3359 salute
1241 3299 1500 3359 sacramentum

451 3403 585 3473 salutis.
638 3403 733 3472 Fons
766 3411 887 3473 autem
922 3412 1044 3473 noster
1077 3404 1138 3494 qui
1172 3404 1296 3474 similis
1325 3413 1381 3474 est
1410 3406 1501 3475 fonti

452 3517 612 3609 paradisi,
629 3518 723 3607 quod
747 3518 855 3587 etiam
881 3517 973 3588 sicut
999 3517 1060 3588 ille
1082 3528 1185 3588 extra
1205 3517 1403 3610 paradisum
1420 3541 1503 3612 pro·

451 3631 548 3713 fluat,
555 3632 632 3723 jam
649 3633 735 3701 satis
752 3631 977 3702 dictumest:
1003 3641 1036 3703 ct
1053 3630 1146 3727 quod
1160 3630 1290 3703 duobus
1302 3630 1453 3726 populis,
1463 3634 1500 3705 id

450 3758 515 3828 est,
538 3769 602 3816 suo
626 3756 665 3815 et
691 3756 872 3826 extraneo,
893 3744 1078 3818 salutarem
1104 3771 1228 3843 aquam
1257 3744 1407 3818 tribucre
1431 3769 1502 3818 nou

449 3871 558 3955 potest
575 3860 632 3932 illc
654 3862 716 3955 qui
739 3862 843 3932 unitas
864 3863 981 3957 ‘crepis
1001 3871 1124 3957 pastor
1139 3873 1198 3946 cst,
1216 3863 1371 3934 concedo
1393 3871 1500 3955 atque

451 3978 645 4047 consentio.
697 3977 769 4048 Sed
787 3979 959 4069 numquid
984 3978 1066 4069 quia
1089 3977 1251 4049 salutaris
1273 4000 1343 4048 nou
1368 3990 1422 4049 est
1439 4001 1502 4048 ex-

452 4094 592 4175 transis,
610 4093 690 4162 ideo
708 4094 782 4184 ipsa
803 4115 873 4162 uon
891 4093 972 4163 est?
1016 4094 1124 4184 Aqua
1149 4095 1243 4163 enim
1267 4093 1391 4163 diluvii
1416 4116 1501 4163 cou-

493 4300 588 4353 urlm.
608 4305 636 4352 et
651 4297 700 4352 Er.
717 4296 823 4352 alienis.
866 4296 962 4353 Editio
977 4297 1065 4372 Cypr.
1084 4298 1168 4354 alieni
1187 4307 1259 4354 suat.
1303 4296 1374 4370 (Sed
1395 4297 1501 4353 alienus

450 4414 508 4450 esse
521 4414 572 4450 nou
582 4402 673 4469 potest
688 4392 821 4468 Cypriani
836 4394 923 4450 editio
937 4394 1091 4451 Baluzianu
1105 4397 1244 4468 praestat.)
