3900 5167
529 460 573 521 42
748 455 998 519 ARCHELAl
1033 454 1097 516 ET
1129 450 1348 515 MANETIS

531 628 756 701 Marcellum.
783 626 1575 714 Praesumebatenimuniversemseoccupare

530 767 632 838 posse
656 744 884 835 provinciam,
902 744 930 811 si
957 743 1053 833 priua
1074 740 1182 810 talem
1201 741 1313 808 virum
1331 738 1475 808 sibimet
1492 736 1574 807 sub·

530 861 614 930 dere
644 860 839 951 potuisset;
865 859 900 926 in
929 880 1001 948 quo
1032 856 1162 948 duplici
1193 856 1409 949 cogitatione
1439 856 1575 925 animus

530 974 711 1055 estuabat,
729 982 934 1042 utrumnam
952 974 1027 1066 ipse
1045 972 1089 1043 ad
1107 993 1189 1042 eum
1216 980 1392 1063 pergeret,
1409 993 1456 1040 an
1482 969 1575 1039 litte-

530 1091 577 1160 ris
602 1111 685 1159 eum
712 1090 824 1180 primo
842 1097 998 1159 tentaret
1023 1088 1171 1168 adoriri;
1198 1084 1385 1155 verebatur
1406 1086 1513 1166 enim,
1530 1107 1574 1154 ne

531 1206 623 1275 forte
650 1203 839 1294 improviso
865 1211 902 1271 et
924 1202 1043 1272 subito
1072 1203 1230 1293 ingressu
1262 1200 1397 1270 malum
1424 1200 1492 1270 sibi
1516 1198 1575 1269 ali·

531 1320 626 1413 quod
652 1325 874 1399 nasceretur;
901 1318 944 1387 ad
972 1317 1138 1387 ultimum
1157 1316 1408 1387 versutioribus
1425 1314 1576 1387 consiliis

531 1456 667 1528 pareus,
685 1432 838 1503 scribere
855 1433 1032 1503 decrevit:
1058 1435 1282 1525 accitumque
1308 1455 1418 1501 unum
1438 1455 1485 1502 ex
1510 1433 1576 1501 dis‘·

532 1549 671 1642 cipulis,
687 1543 920 1619 kTurbonem
947 1550 1102 1631 nomine,
1121 1551 1181 1642 qui
1207 1573 1271 1642 per
1293 1548 1437 1619 Addam
1463 1548 1577 1618 fuerat

533 1668 738 1748 instructus,
765 1665 896 1735 tradita
919 1664 1077 1757 epistola,
1103 1666 1201 1735 abire
1220 1665 1338 1756 jubet,
1359 1687 1400 1735 ac
1426 1664 1576 1756 perferre

535 1777 730 1858 Marcell03
757 1770 902 1870 lquique
927 1788 1110 1870 acceptam
1128 1800 1206 1848 eam
1233 1777 1327 1861 huic,
1344 1778 1402 1848 cui
1428 1800 1450 1847 a
1470 1776 1577 1846 Mane

534 1892 649 1965 fuerat
666 1902 894 1985 praeceptum,
913 1893 1069 1985 pertulit,
1084 1895 1180 1963 omni
1197 1895 1323 1964 itinere
1340 1894 1465 1965 diebus
1477 1895 1578 1985 quin·

535 2033 604 2104 que
621 2020 807 2081 transacto.
851 2008 980 2082 Veloci
998 2011 1132 2081 etenim
1150 2034 1233 2081 usus
1249 2020 1305 2082 est
1322 2033 1437 2092 cursu,
1454 2011 1492 2079 iu
1510 2031 1578 2102 quo

534 2124 725 2218 plurimum
760 2125 982 2218 supradictus
1011 2123 1134 2196 Turbo
1168 2125 1306 2207 laboris,
1338 2135 1375 2196 et
1405 2123 1578 2194 molestiae

528 2241 703 2334 pertulit:
735 2243 762 2312 si
793 2243 934 2334 quando
968 2243 1063 2311 enim
1098 2242 1241 2311 mveluti
1276 2242 1502 2336 peregrinans
1535 2241 1578 2310 ad

535 2359 727 2451 hospitium
755 2360 978 2450 pervenisset,
998 2368 1099 2450 nquae
1126 2359 1269 2449 quidem
1288 2359 1477 2429 diversoria
1502 2357 1580 2427 lios-

576 2603 593 2648 ¹¹
615 2606 714 2662 Codex
735 2605 883 2661 Bobiensis
903 2605 984 2679 legit,
1006 2606 1087 2663 Adde
1108 2606 1262 2663 llerbonem.
1307 2605 1372 2661 Fuit
1388 2612 1484 2662 autem
1498 2604 1582 2661 adda

537 2721 609 2760 unus
630 2721 665 2758 ex
687 2700 829 2776 discipulis
850 2702 917 2769 suis,
933 2702 976 2758 cui
992 2702 1139 2760 Orientem
1161 2702 1261 2759 haeresi
1282 2703 1464 2760 inficiendum
1478 2702 1582 2758 Manes

537 2799 726 2863 demandavit,
741 2806 773 2854 ut
786 2799 860 2854 infra
873 2818 935 2874 cap.
950 2817 996 2855 11.
1012 2800 1123 2856 dicitur.

576 2893 586 2938 ¹
601 2896 701 2953 Codex
716 2896 873 2960 Bobiensis,
889 2900 994 2972 quippe,
1009 2897 1083 2953 mala
1097 2896 1191 2954 lectio.

578 3005 602 3035 ¹¹¹
617 2994 696 3049 Idem
711 2993 809 3059 codex,
826 2995 863 3049 cd
875 3013 1014 3069 vesperam
1028 2995 1110 3051 velati
1119 2995 1290 3069 pereprinus.

578 3100 594 3131 ¹¹
605 3090 684 3146 Idem
701 3090 801 3155 codex,
817 3109 873 3164 quae
887 3092 989 3165 quidem
999 3092 1058 3165 ipsa
1073 3091 1232 3147 diversoria.
1266 3091 1342 3147 Hinc
1356 3099 1450 3147 eutem
1465 3099 1583 3165 apparet

538 3208 620 3263 quarn
637 3187 734 3244 sedulo
748 3185 934 3262 hospitalitati
944 3206 1058 3262 operam
1069 3188 1199 3245 dederint
1212 3189 1360 3263 primitivae
1375 3188 1501 3246 ecclesiae
1512 3189 1583 3245 fide-

537 3286 589 3350 les,
605 3285 683 3342 Pauli
694 3292 835 3359 praecepto
850 3283 877 3339 in
892 3285 1013 3358 epistola
1032 3286 1068 3342 ad
1091 3286 1118 3341 H
1121 3286 1229 3343 ebraeos
1250 3287 1384 3361 caprili.
1400 3306 1472 3344 vers.
1492 3304 1517 3344 1.
1533 3287 1582 3343 ob-

539 3383 637 3440 secuti.
680 3382 868 3438 Tertullianus
882 3382 918 3438 de
933 3382 1195 3457 Praescriptionibus
1215 3385 1351 3441 adversus
1366 3385 1499 3441 Haereses
1520 3403 1583 3459 cap.

542 3498 588 3537 20.
612 3479 661 3536 Sic
681 3497 772 3534 omnes
789 3478 927 3551 (ecclesiae
948 3479 1091 3551 videlicet)
1103 3482 1195 3555 prima
1215 3490 1241 3538 ct
1262 3482 1416 3555 apostolice
1423 3505 1433 3547 ;
1449 3482 1510 3538 dum
1532 3501 1584 3540 aaa

540 3593 630 3630 omncs
644 3572 764 3648 probant
783 3574 920 3637 naualem,
944 3573 1005 3628 dum
1027 3582 1067 3629 est
1086 3574 1143 3629 illis
1161 3575 1362 3630 communicatio
1377 3576 1467 3649 pacis.
1489 3584 1517 3631 et
1535 3594 1583 3651 ap·

537 3670 650 3744 pallatio
660 3670 862 3744 fraternitatis,
883 3679 909 3726 el
928 3672 1118 3727 contesseratio
1139 3670 1334 3745 hospitalitatis
1341 3695 1352 3737 ;
1371 3690 1428 3746 quoe
1441 3671 1513 3744 jura
1533 3691 1585 3729 aon

540 3768 595 3823 olio
609 3770 681 3823 ratio
696 3767 775 3841 repit,
791 3785 868 3840 quom
879 3768 997 3839 ejrrsdem
1011 3770 1174 3824 sacramenti
1187 3787 1238 3824 uno
1253 3770 1374 3824 traditio.
1417 3769 1496 3826 Nota
1507 3779 1584 3834 sunt,

540 3883 603 3938 quae
625 3864 659 3919 de
674 3863 901 3920 Christianorum
922 3883 991 3939 erga
1012 3866 1196 3940 Peregrinum
1217 3866 1357 3941 hospitem
1378 3867 1477 3923 officiis
1498 3868 1586 3925 refert

541 3960 682 4017 Lucienus
693 3961 721 4015 in
736 3960 808 4018 libro
822 3962 856 4018 de
873 3962 1000 4036 ejusdem
1021 3971 1122 4019 morte.
1167 3963 1225 4020 Sed
1240 3973 1268 4020 et
1283 3965 1358 4037 quod
1373 3965 1408 4021 de
1422 3964 1586 4022 diversoriis

541 4064 626 4130 atque
640 4057 777 4131 hospitiis,
792 4077 842 4132 per
861 4058 953 4133 regias
969 4059 1027 4114 vias
1048 4061 1077 4115 in
1099 4060 1242 4117 Persidem
1258 4061 1401 4126 ducentes,
1416 4080 1433 4117 a
1447 4061 1586 4119 Marcello

541 4154 721 4223 constructis,
733 4155 779 4212 hic
792 4156 923 4230 legimus,
939 4157 968 4212 id
983 4157 1044 4212 aliis
1058 4158 1087 4213 in
1101 4158 1179 4223 locis,
1194 4179 1227 4216 ac
1240 4159 1343 4233 ubique
1357 4159 1446 4216 ferme
1460 4160 1585 4217 eChris·

541 4249 626 4308 tiauis
638 4252 742 4309 factum
754 4253 849 4317 foisse,
859 4263 955 4328 aperte
964 4254 1107 4328 colligitur
1115 4274 1150 4310 ex
1161 4255 1291 4328 Gregorii
1303 4254 1479 4313 Nazianzeni
1490 4256 1585 4315 invec-

543 4347 601 4404 tiva
615 4350 638 4405 1.
656 4349 685 4405 in
698 4349 842 4406 lulianum
858 4351 1037 4424 Apostatam,
1052 4351 1099 4407 ubi
1115 4350 1320 4426 Imperatorem
1339 4352 1415 4408 hunc
1435 4353 1471 4409 ad
1487 4353 1586 4411 Chris*-
