3900 5167
544 450 588 527 ts
768 456 1022 521 lacunam
1053 458 1117 520 nr
1151 456 1372 521 MANnms

544 654 609 702 rex
633 630 760 723 aliquis
785 640 968 725 oppugnat
994 631 1120 701 turrim
1143 630 1258 701 valido
1282 653 1385 701 muro
1411 631 1585 701 circunda-

544 755 629 832 tam‚
647 747 793 818 adhibet
810 748 923 838 primo
941 746 1109 829 ballistas,
1128 755 1165 816 et
1177 746 1308 839 jacula,
1326 746 1509 816 securibus
1530 747 1585 817 de-

543 864 627 935 inde
653 873 771 956 portas
788 863 964 947 excidere,
983 872 1091 955 atque
1117 863 1287 933 arietibus
1306 885 1429 933 muros
1446 871 1584 933 conatur

543 989 722 1063 evertere;
750 987 885 1050 etcum
908 979 1112 1060 obtinuerit,
1130 988 1208 1049 tum
1233 980 1379 1050 demum
1404 980 1584 1073 ingressus,

543 1121 621 1190 quae
644 1097 799 1180 libuerit,
824 1097 910 1189 agit,
934 1098 1009 1166 sive
1037 1096 1194 1188 captivos
1218 1095 1336 1188 placet
1359 1095 1457 1166 cives
1483 1095 1585 1165 addu-

542 1237 632 1297 cere,
651 1215 725 1285 sive
748 1222 876 1283 cuncta
898 1213 1111 1294 subvertere,
1130 1211 1329 1291 autetiam,
1352 1212 1380 1281 si
1407 1210 1584 1303 placuerit,

541 1340 684 1425 rogetus
709 1329 880 1422 indulget.
932 1327 1029 1411 Quid
1055 1350 1139 1421 ergo
1163 1327 1250 1397 dicit
1274 1325 1367 1397 iste?
1395 1324 1483 1397 Non
1508 1326 1585 1397 snb·

542 1444 682 1527 stantia,
716 1444 751 1514 id
782 1452 846 1525 est,
882 1444 1061 1535 proposito
1095 1442 1312 1513 adversarius
1343 1444 1422 1535 quis
1451 1443 1584 1536 deJecit,

543 1562 638 1654 quod
669 1560 895 1651 interjectum
926 1559 1043 1629 fuerat
1069 1556 1356 1628 munimentum?
1391 1559 1429 1628 iu
1458 1581 1587 1651 praece·

542 1676 708 1747 dentibus
733 1678 828 1745 enim
854 1675 1031 1768 professus
1054 1684 1117 1754 est,
1136 1676 1219 1767 quia
1243 1675 1512 1767 supervenerint
1538 1684 1589 1746 te-

541 1792 659 1861 nebrae
677 1814 723 1862 ex
741 1794 888 1885 propriis
906 1793 1035 1862 linibus
1052 1791 1090 1860 in
1108 1813 1254 1884 regnum
1275 1789 1344 1861 Dei
1363 1790 1458 1860 boni.
1501 1789 1587 1873 Quis

541 1908 638 2000 prius
672 1909 801 2000 dejecit
836 1906 1098 1978 munitionem?
1136 1901 1358 1999 Impossibile
1388 1908 1484 1976 enim
1514 1914 1588 1978 erat

541 2021 677 2117 ingredi
703 2024 847 2106 malum,
875 2022 1073 2093 munitione
1098 2031 1293 2093 constante.
1345 2021 1440 2105 Quid
1469 2021 1587 2093 tacesl

542 2137 638 2221 Quid
667 2138 814 2208 moraris
848 2148 898 2221 tu,
928 2136 1156 2209 Manichaeel
1188 2137 1335 2209 Etiamsi
1367 2146 1407 2207 tu
1437 2135 1586 2219 differas,

541 2253 726 2346 aggrediar
751 2276 830 2323 mea
856 2261 992 2345 sponte.
1044 2252 1084 2324 Si
1109 2254 1203 2323 enim
1231 2253 1370 2334 dixeris,
1388 2252 1471 2345 quia
1490 2251 1587 2324 Deus

541 2365 766 2451 destruxerit,
789 2369 964 2459 requiram
984 2366 1069 2460 quid
1094 2390 1178 2437 eum
1203 2367 1354 2438 moverit
1378 2367 1423 2437 ad
1451 2368 1587 2438 destru-

541 2483 673 2553 endum
690 2484 766 2566 hoo,
784 2484 878 2576 quod
903 2485 999 2577 prius
1025 2494 1168 2576 propter
1191 2483 1498 2576 importunitatem
1515 2504 1586 2552 ma·

541 2597 638 2692 ligni,
657 2607 694 2668 et
711 2601 969 2690 separationem
990 2601 1065 2691 ipse
1086 2596 1320 2669 extruxerat?
1346 2597 1442 2681 Quid
1468 2598 1584 2679 iratus

541 2724 603 2784 aut
622 2717 704 2807 quid
724 2716 842 2785 damni
867 2738 1060 2807 perpessus,
1078 2714 1262 2785 adversum
1281 2737 1318 2785 se
1338 2713 1414 2805 ipse
1431 2735 1586 2807 pugnare

541 2826 751 2898 contendit?
779 2826 853 2896 Aut
871 2829 1029 2919 nunquid
1049 2828 1094 2897 de
1111 2829 1256 2921 maligni
1274 2829 1504 2899 facultatibus
1527 2828 1586 2900 ali-

541 2945 625 3035 quid
644 2943 871 3036 concupivit?
898 2944 1003 3027 Quod
1030 2945 1059 3013 si
1083 2944 1207 3013 horum
1235 2944 1320 3014 nihil
1349 2946 1385 3014 in
1406 2968 1512 3016 causa
1534 2954 1586 3015 eat

541 3058 620 3128 Deo
638 3060 842 3129 destruendi
860 3083 911 3141 ea,
930 3083 1008 3151 quae
1028 3060 1240 3150 jamdudum
1258 3060 1302 3130 ad
1320 3060 1545 3132 alienandum
1566 3084 1586 3131 a

540 3195 587 3254 se,
619 3183 655 3243 et
685 3175 917 3265 separandum
948 3175 1081 3244 malum
1110 3177 1184 3266 ipse
1215 3186 1473 3257 construxerat,
1500 3176 1585 3246 illud

540 3313 605 3360 nec
630 3292 758 3359 mirum
785 3292 983 3382 putandum
1001 3302 1066 3376 est,
1086 3293 1203 3382 aquod
1222 3293 1299 3382 ejus
1316 3293 1494 3361 consortio
1512 3292 1585 3363 fue-

539 3407 586 3473 rit
621 3406 835 3488 delectatua;
873 3407 1025 3475 munitio
1061 3408 1166 3489 enim,
1202 3430 1282 3498 quae
1322 3407 1429 3476 missa
1471 3408 1585 3478 fuerat

540 3532 682 3613 propter
711 3521 786 3604 hoc,
816 3545 860 3590 ue
891 3523 966 3612 ejus
1001 3520 1198 3592 molestiam
1233 3531 1427 3614 pateretur,
1456 3524 1585 3595 idcirco

538 3816 632 3866 autem
654 3810 700 3866 hic
718 3810 830 3867 videtur
851 3811 1006 3868 Archelaus
1027 3811 1062 3868 de
1077 3812 1193 3868 Carrhis
1215 3831 1231 3868 a
1252 3812 1345 3869 Persis
1366 3812 1419 3869 sub
1433 3812 1585 3870 Valeriano

537 3907 670 3981 Augusto
684 3908 863 3983 expugnatis,
878 3909 924 3964 vel
944 3909 981 3965 de
999 3909 1105 3967 eisdem
1127 3910 1228 3965 iterum
1250 3910 1286 3965 ab
1301 3908 1455 3966 Odenatho
1469 3911 1586 3968 orientia

537 4021 606 4079 rege
621 4004 742 4061 Gallieni
758 4005 940 4080 Imperatoris
954 4006 1129 4080 temporibus
1143 4007 1172 4062 iu
1184 4007 1304 4063 Romani
1320 4008 1435 4081 Imperii
1450 4008 1586 4066 ditionem

535 4100 668 4158 redactis.
703 4101 778 4158 Vide
788 4102 958 4159 Trebellium
981 4103 1137 4160 Pollionem
1157 4104 1187 4159 in
1203 4103 1334 4160 Gallieno
1347 4116 1410 4179 cap.
1429 4123 1477 4163 10.
1492 4115 1522 4163 et
1539 4124 1584 4163 12.

540 4199 631 4271 (Bello
643 4199 773 4255 Parthico
788 4201 825 4255 od
835 4200 964 4256 Carrhas.
987 4201 1140 4257 Frontonis
1151 4202 1242 4275 Reliq.
1256 4221 1284 4276 p.
1298 4202 1363 4258 106.
1373 4203 1418 4259 ed.
1429 4202 1584 4273 Niebuhr.)

578 4308 593 4352 ‘l
619 4297 654 4353 ln
675 4296 772 4352 codice
795 4297 953 4361 casinensi,
971 4299 1121 4372 putandum
1145 4308 1186 4355 eat
1211 4301 1352 4356 consortio.
1396 4301 1463 4366 Sed,
1486 4302 1514 4357 a·
1529 4302 1585 4374 ejus

537 4395 682 4458 consortio,
699 4394 751 4457 vel,
766 4395 837 4469 quod
848 4396 906 4467 ej'us
920 4398 1064 4459 consortio,
1081 4396 1192 4454 videtur
1206 4397 1369 4471 legendum.
