3900 5167
541 450 604 514 154
770 448 1022 514 ARCHELAI
1047 448 1110 511 ΕΤ
1134 448 1353 513 MANETIS

534 625 693 717 implere,
711 635 749 694 et
774 623 985 717 prophetas?
1013 622 1098 693 Post
1120 622 1194 693 haec
1211 645 1293 694 vero
1310 622 1432 692 omnia
1447 620 1569 690 edocet

532 740 772 832 apostolorum
798 741 974 809 maximus
995 735 1128 808 Paulus
1145 738 1304 820 ”diceus
1324 738 1417 808 'Arri
1439 736 1570 829 esperi-

532 866 679 926 mcntum
704 854 861 950 quoeritic
883 854 963 947 ejus,
982 855 1042 948 qui
1068 854 1111 924 iu·
1132 877 1183 924 me
1205 850 1360 946 loquitur
1378 848 1569 925 Christus?

531 971 628 1056 Quid
646 996 730 1066 ergo
747 972 833 1041 mihi
852 993 940 1064 opus
956 981 1012 1040 est
1029 969 1319 1051 ”circumcisione
1336 991 1420 1038 oum
1442 968 1567 1060 possim

530 1097 568 1159 et
594 1090 630 1158 in
657 1089 827 1181 praeputio
847 1084 1057 1179 justificari?
1083 1084 1133 1156 Et
1158 1086 1326 1177 scriptum
1342 1092 1408 1165 est,
1425 1082 1568 1178 ⁰Siquis

529 1204 753 1275 circumcisus
778 1212 835 1287 cst,
854 1226 923 1273 nou
948 1201 1096 1272 adducat
1119 1200 1340 1295 prceputium,
1358 1209 1420 1270 aut
1440 1200 1476 1270 ri
1494 1199 1569 1294 quir

529 1321 567 1390 im
587 1321 764 1416 prceputio
780 1328 839 1402 cst,
858 1342 927 1389 riou
943 1315 1220 1389 circumcidatur.
1272 1313 1465 1409 Utrumque
1481 1316 1567 1387 mim

527 1435 621 1507 uilcil
653 1446 712 1519 est,
740 1436 811 1505 uisi
844 1433 1030 1505 obseruatio
1063 1430 1301 1503 mundatorum
1330 1429 1427 1502 Dei.¹
1478 1432 1566 1502 Cum

526 1575 611 1647 ergo
628 1553 766 1623 nullum
793 1554 902 1644 possit
927 1550 1059 1621 salvare
1084 1547 1311 1629 circumcisio,
1329 1569 1401 1617 non
1425 1569 1568 1642 magno·

525 1688 609 1759 pere
635 1669 844 1760 requirenda
870 1677 945 1748 est3
970 1667 1126 1735 maxime
1151 1686 1232 1734 cum
1258 1663 1285 1733 si
1312 1665 1391 1755 quis
1418 1665 1458 1733 in
1485 1685 1567 1756 prte-

524 1783 625 1873 putio
642 1792 789 1854 vocatus
813 1781 929 1862 fuerit,
947 1791 986 1851 et
1002 1780 1204 1850 circumcidi
1222 1777 1381 1858 voluerit,
1398 1779 1566 1848 contiuuo

524 1900 793 1990 rpraevaricator
815 1897 903 1989 legis
922 1896 1105 1967 efficiatur.
1157 1896 1196 1964 Si
1214 1893 1307 1964 euim
1325 1894 1565 1974 circumcidor,

522 2021 561 2082 et
578 2015 745 2084 mandata
762 2012 849 2105 legis
874 2011 1060 2104 adimpleo,
1078 2020 1121 2081 ut
1138 2010 1261 2081 salvari
1286 2012 1438 2104 possim3
1464 2012 1566 2082 incir-

522 2130 707 2211 cumcisus,
725 2138 763 2199 et
787 2129 823 2197 iu
850 2128 1021 2220 praeputio
1038 2128 1182 2219 positus,
1200 2126 1314 2196 multo
1332 2128 1444 2220 magis
1469 2150 1566 2199 mau-

521 2244 606 2315 data
621 2246 832 2324 custodiens,
851 2244 990 2314 habebo
1007 2244 1127 2313 vitam.
1143 2236 1145 2240 ’
1162 2242 1225 2312 ³Iu
1243 2242 1367 2335 spiritu
1386 2242 1484 2314 euim
1501 2245 1564 2315 cir·

520 2363 772 2432 cumcisionem
791 2363 904 2432 cordis
921 2361 1051 2452 accepi,
1065 2383 1134 2429 nou
1147 2361 1224 2451 jam
1241 2360 1381 2432 qliterar
1398 2385 1463 2456 per
1474 2374 1563 2435 atra·

520 2486 695 2560 mentum,
713 2476 749 2546 iu
767 2499 838 2567 quo
856 2476 932 2546 laus
954 2498 1025 2545 non
1043 2498 1089 2545 ex
1114 2475 1323 2559 homiuibus,
1340 2478 1402 2547 sed
1421 2501 1467 2549 ex
1485 2480 1562 2551 Deo

519 2598 585 2660 ost.
639 2591 723 2661 Non
746 2614 830 2685 crgo
851 2592 1024 2662 referatur
1045 2593 1089 2661 ad
1115 2614 1173 2661 ma
1198 2591 1440 2682 hujuscemodi
1466 2598 1563 2668 iucu-

519 2708 618 2776 satio.
672 2706 774 2777 Sicut
800 2709 894 2777 euim
919 2707 1065 2797 raliquis
1088 2707 1184 2776 dives
1210 2707 1332 2779 multis
1354 2711 1427 2780 auri
1454 2722 1561 2806 atque

518 2823 655 2914 argenti
679 2821 857 2903 ⁸taleutia
880 2824 993 2893 itaut
1016 2845 1121 2892 omno
1145 2823 1327 2894 domestici
1350 2848 1434 2896 usus
1460 2830 1560 2900 mini-

518 2939 663 3006 sterium
682 2960 727 3006 ex
747 2938 989 3028 hujuscemodi
1008 2939 1159 3009 metallis
1176 2939 1305 3009 habeat
1321 2952 1507 3027 structum,
1525 2948 1558 3015 in

517 3052 616 3121 nullo
643 3053 732 3122 vasis
758 3053 875 3122 fictilis
900 3055 1054 3145 speciem
1080 3055 1248 3144 requirit;
1275 3057 1335 3126 ssd
1362 3080 1434 3127 non
1457 3083 1559 3153 prou

558 3212 581 3242 ¹¹¹
597 3202 676 3257 Idem
691 3201 792 3265 codex,
808 3202 907 3265 diceus,
923 3203 1137 3276 experimentum.

557 3308 572 3337 ¹¹
589 3298 669 3353 Idem
684 3299 784 3361 codex,
800 3299 976 3354 circumcisio.

557 3404 572 3433 ⁰
593 3394 698 3449 Melius
713 3394 839 3468 Vulgata
850 3395 933 3467 juxta
947 3398 1032 3453 fidem
1047 3400 1132 3472 graeci
1147 3408 1251 3467 textus,
1268 3401 1450 3461 Circumcisus
1463 3408 1560 3482 uliquis

514 3499 625 3545 uocatus
638 3493 705 3545 est?
725 3510 776 3546 nou
790 3492 905 3547 adducat
920 3497 1093 3568 praeputium.
1124 3499 1160 3553 Im
1176 3501 1310 3575 praeputio
1331 3502 1431 3577 uliquis
1450 3514 1559 3561 uocatur

514 3595 564 3649 est,
587 3607 638 3641 non
660 3588 876 3644 circumcidatur.
914 3590 1088 3647 circumcisio
1110 3595 1244 3659 uitiiset,
1268 3605 1293 3651 et
1309 3600 1473 3672 praeputium
1493 3601 1560 3656 sitit

514 3693 572 3738 est:
594 3685 642 3738 scd
655 3685 805 3740 obseruatio
820 3687 1004 3742 mundatorum
1020 3689 1084 3744 Dei.
1545 3766 1546 3770 Ἰ

554 3790 569 3833 Ρ
586 3781 682 3836 Codex
698 3782 856 3845 Bobiensis.
876 3785 1045 3840 Prodicctor
1065 3787 1140 3861 leuia
1162 3788 1236 3844 mala
1257 3790 1348 3847 lectio.
1387 3791 1557 3866 (spiritualis

514 3875 560 3942 lex
575 3878 635 3931 lucc
651 3877 724 3933 iuter
739 3878 927 3952 designatur.)

553 3981 566 4018 ἢ
588 3974 755 4046 Legendum
777 3976 905 4044 forsitan,
921 3978 1010 4044 litera,
1025 3989 1057 4035 ut
1071 4000 1134 4036 cum
1156 3982 1191 4038 D.
1208 3983 1286 4038 Pauli
1306 3983 1370 4040 loco
1387 3984 1416 4040 in
1439 3986 1555 4061 epistola

512 4070 547 4124 ad
564 4070 716 4133 Romanos,
732 4072 767 4126 ad
782 4092 864 4145 quem
880 4074 1037 4131 Archelaus
1050 4078 1174 4151 respicit,
1190 4080 1352 4137 concordet.

552 4178 564 4206 r
579 4168 656 4223 Male
672 4168 833 4226 Casinensis
849 4172 948 4235 codex,
963 4173 1041 4228 alius.

551 4271 563 4301 ⁸
579 4262 736 4328 Bobiensis,
753 4267 863 4322 talentis
877 4269 1003 4341 repletus,
1019 4271 1057 4324 itu
1072 4290 1156 4327 omre.

552 4389 559 4410 ¹
577 4401 591 4437 2
609 4387 674 4442 Cor.
690 4387 748 4441 xiii.
766 4405 792 4458 3.
925 4395 934 4416 ²
955 4408 962 4443 1
984 4391 1051 4446 Cor.
1068 4393 1112 4446 vii.
1130 4393 1173 4447 18.
1298 4400 1306 4430 ³
1322 4398 1403 4453 Rom.
1420 4399 1448 4455 ii.
1466 4419 1511 4475 29.
