3900 5167
822 470 1132 534 DISPUTATIO.
1217 464 1235 504 .·
1436 474 1501 539 159

451 641 678 713 manifestum
707 651 771 713 est.
825 642 928 714 Nihil
957 646 1052 713 enim
1077 644 1180 736 hujus
1210 645 1500 715 'circumcisionis

451 756 488 825 in
514 755 591 848 ipso
615 758 815 842 invenitur;
854 759 969 830 adhuc
997 761 1092 829 enim
1121 779 1166 829 ex
1191 758 1286 830 Juda
1316 782 1417 853 reges
1444 760 1499 830 fu·

452 880 557 941 erunt
574 882 655 963 post
671 873 797 966 ipsum,
815 884 853 944 et
875 876 956 945 ideo
972 874 1088 947 aliena
1105 874 1210 968 longe
1227 884 1281 944 est
1302 874 1347 944 ab
1364 898 1408 944 eo
1424 875 1498 945 haec

452 984 646 1077 prophetia
698 987 764 1057 ‘Et
789 988 856 1059 hoc
873 998 928 1059 est
949 988 1121 1072 velamen,
1138 991 1232 1083 quod
1255 999 1310 1061 est
1333 991 1368 1059 in
1394 990 1500 1084 Moy·

452 1122 535 1182 sen3
562 1106 807 1194 nequeenim,
833 1105 926 1175 sicut
950 1105 1097 1176 fortasse
1120 1106 1227 1198 aliqui
1254 1107 1497 1198 imperitorum

451 1223 591 1306 putant,
609 1216 757 1289 linteum
781 1219 936 1311 aliquod,
953 1230 1017 1290 aut
1042 1220 1145 1312 pellis
1167 1221 1341 1312 fuitque
1360 1220 1498 1291 vultum

451 1332 528 1422 ejus
544 1334 707 1424 operiret.
760 1332 832 1404 Sed
850 1333 1046 1427 Apostolus
1062 1335 1252 1428 diligenter
1269 1336 1425 1405 ostendit
1447 1337 1499 1406 di-

451 1468 544 1528 cens,
564 1445 724 1518 velamen
748 1470 824 1520 esse
845 1450 1000 1541 positum
1017 1451 1053 1519 in
1074 1448 1226 1520 lectione
1244 1452 1373 1520 veteris
1390 1460 1500 1524 testa-

450 1561 576 1643 menti,
605 1564 869 1655 propterquod
903 1565 944 1647 is,
978 1565 1038 1656 qui
1073 1564 1271 1656 appellatur
1303 1568 1499 1658 antiquitus

451 1673 571 1758 Israel,
601 1688 769 1770 expectat
802 1680 993 1750 adventare
1023 1679 1215 1763 Christum,
1246 1704 1316 1751 non
1348 1681 1500 1752 uintelli-

450 1801 586 1883 gentes,
617 1793 699 1885 quia
727 1795 934 1865 defecerunt
967 1817 1013 1865 ex
1043 1793 1139 1864 Juda
1173 1795 1356 1885 principes,
1387 1803 1498 1864 etex

452 1905 646 1977 femoribus
668 1911 744 2001 ejus
767 1910 894 1993 duces;
920 1911 1013 1980 sicut
1039 1932 1133 1979 nunc
1150 1908 1311 1979 videmus
1331 1908 1499 2001 ¹regibus

451 2044 521 2104 eos,
547 2023 833 2117 principibusque
857 2026 1035 2117 subjectos
1061 2026 1194 2095 tributa
1219 2024 1383 2116 pendere,
1401 2024 1499 2095 nulla

452 2138 517 2208 sibi
544 2147 722 2231 potestate
748 2141 804 2212 vel
829 2141 1022 2232 judicandi,
1051 2141 1106 2210 vel
1130 2127 1297 2233 puniendi
1324 2163 1498 2223 concessa,

452 2251 544 2323 siout
563 2253 677 2325 Judas
700 2255 835 2338 habuit,
854 2256 953 2347 ’quia
971 2254 1138 2335 Thamar,
1163 2264 1391 2346 posteaquam
1416 2277 1500 2324 con·

452 2367 690 2449 demuaverat,
724 2370 843 2461 potuit
872 2381 888 2429 l
893 2371 1098 2461 justificare.
1149 2367 1239 2441 'Sed
1275 2376 1306 2439 et
1343 2367 1499 2440 uidebitis

452 2484 558 2555 vitem
574 2494 719 2556 amiram
731 2484 932 2579 pendentem
950 2494 1029 2556 onte
1045 2484 1158 2557 oculos
1175 2494 1310 2557 uestros.

503 2600 647 2674 XLIV.
674 2600 796 2673 Habet
813 2603 922 2673 etiam
937 2602 996 2673 hic
1019 2624 1133 2672 sermo
1152 2600 1323 2672 velamen.
1375 2599 1500 2692 Usque

453 2716 498 2785 ad
525 2715 707 2786 Herodem
733 2719 828 2788 enim
854 2741 900 2787 ex
926 2726 1027 2808 parte
1053 2716 1171 2809 aliqua
1200 2738 1348 2810 regnum
1378 2727 1499 2785 tenere

455 2832 684 2914 videbantur3
709 2833 755 2903 ab
771 2832 937 2927 Augusto
954 2841 1075 2903 autem
1101 2833 1215 2924 prima
1238 2832 1445 2923 ¹adscriptio
1461 2833 1498 2901 in

454 2949 505 3017 eis
520 2947 614 3018 facta
630 2958 695 3029 est,
711 2957 750 3018 et
767 2958 949 3041 coeperunt
966 2949 1101 3018 tributa
1117 2949 1281 3040 pendere,
1299 2957 1336 3017 et
1354 2969 1499 3016 censum

454 3063 549 3133 dare.
603 3064 659 3133 Ex
677 3086 747 3154 quo
764 3073 886 3148 autem
902 3064 1079 3133 Dominus
1104 3071 1224 3132 noster
1239 3059 1345 3133 Jesns
1362 3072 1499 3154 eoeptus

455 3187 508 3247 est
533 3177 744 3269 prophetari,
770 3186 878 3269 atque
905 3177 1096 3268 expectari,
1114 3198 1160 3245 ex
1186 3199 1228 3245 eo
1255 3176 1430 3268 principes
1453 3198 1498 3246 ex

455 3291 551 3362 Juda
576 3315 652 3363 esse
678 3302 873 3385 coeperunt,
903 3302 941 3362 et
969 3293 1076 3361 duces
1110 3290 1240 3383 populi,
1267 3291 1327 3379 qui
1362 3312 1499 3360 rursum

494 3471 506 3513 ²
520 3471 620 3529 Codex
635 3473 807 3529 Casiuensis.
842 3473 883 3529 Et
897 3473 953 3529 lucc
965 3482 1006 3528 eat
1020 3473 1147 3533 velamen.
1162 3479 1191 3527 et
1205 3470 1287 3534 infra,
1302 3470 1345 3525 vel
1354 3469 1447 3545 pellis.

494 3580 511 3611 ¹¹
534 3569 608 3626 eod.
629 3570 746 3626 Bobien.
770 3570 930 3646 intellipens.
967 3570 1053 3642 (Mox
1069 3568 1210 3643 principes
1233 3566 1308 3623 idem
1333 3566 1433 3631 codex,
1453 3566 1499 3622 ubi

457 3666 614 3742 Zacagniue
628 3667 715 3723 habet
723 3668 861 3742 princepe,
877 3667 927 3723 sed
941 3676 970 3723 et
985 3665 1131 3740 sequentia
1144 3663 1296 3734 conferas.)

495 3773 510 3804 ¹
525 3763 604 3819 Male
618 3762 767 3819 Bobiensis
781 3763 881 3827 codex,
896 3764 1005 3839 repibns
1018 3782 1073 3826 eoa,
1088 3758 1246 3836 replensque
1259 3759 1402 3833 subjectos.

495 3871 510 3914 l
531 3859 604 3916 Cod.
620 3859 741 3915 Bobien.
754 3859 918 3934 justificare.
949 3858 1007 3915 Sed
1017 3857 1151 3914 uidebitis.
1189 3855 1321 3913 Casinen.
1336 3855 1500 3929 justificari.

458 3957 511 4013 sed
523 3966 549 4013 et
562 3956 695 4012 videtitis.

497 4066 508 4091 ²
533 4054 682 4111 Bobiensis
704 4052 803 4118 codex,
828 4052 984 4126 ademptio.
1021 4049 1101 4116 Mox,
1127 4055 1318 4122 ceperuntque.
1354 4046 1393 4101 Et
1418 4046 1508 4127 infra,

460 4151 588 4207 Dominus
601 4169 681 4205 meua.

498 4306 504 4327 ¹
522 4299 599 4371 [For.
614 4296 807 4369 reponendum
823 4293 1073 4363 circumlationis]
1219 4296 1227 4319 ²
1244 4290 1316 4346 Gen.
1331 4289 1448 4346 xxxviii,

841 4397 850 4426 ³
865 4391 950 4446 Dent.
964 4390 1056 4446 xxviii.
1067 4390 1115 4446 66.
