3900 5167
457 459 521 522 100
687 456 939 521 ARCHELAI
956 457 1020 520 ET
1053 455 1275 520 MANETIS

454 634 492 702 iu
510 632 621 713 fovea,
638 631 850 702 incolumem
868 631 1098 702 conservavit.
1144 630 1201 700 Ex
1218 630 1287 701 hoc
1304 651 1391 723 ergo
1408 629 1496 700 intir-

454 756 572 817 matus
601 756 656 818 est
683 746 867 839 malignus,
895 746 990 817 ultra
1012 747 1088 838 jam
1116 746 1218 817 leone
1246 768 1319 816 non
1346 744 1495 816 habente

454 872 668 957 potestatem
694 863 844 934 faciendi
871 862 1013 955 aliquid,
1032 872 1070 933 et
1087 862 1280 933 salvabitur
1296 883 1405 932 omne
1428 862 1496 932 ani-

455 999 591 1049 marum
616 999 739 1071 genus,
756 1000 797 1047 ac
814 978 1032 1060 restituetur,
1051 978 1145 1069 qnod
1171 979 1334 1071 perierat,
1362 975 1496 1069 proprio

454 1118 517 1166 suo
545 1095 655 1188 gregi.
707 1093 935 1165 Ancnnusus
964 1111 1082 1175 nvxrr,
1110 1092 1149 1164 Si
1177 1092 1318 1163 leonem
1347 1091 1496 1185 mallgno

453 1233 644 1302 comparas,
669 1208 787 1279 Deum
816 1230 900 1280 vero
925 1210 1079 1300 pastori;
1104 1230 1187 1279 oves
1211 1216 1321 1299 atque
1345 1206 1496 1288 haednm,

453 1326 520 1408 dic,
539 1326 678 1396 cuinam
707 1321 1012 1416 comparabimus?
1039 1322 1177 1393 Manns
1203 1341 1321 1405 nlxm,
1342 1320 1440 1393 Oves
1463 1329 1498 1393 et

453 1442 573 1513 baedus
602 1442 706 1510 unius
733 1439 820 1510 mihi
852 1440 1018 1509 videntur
1046 1462 1122 1509 esse
1152 1450 1307 1521 naturae3
1341 1440 1379 1508 in
1407 1439 1500 1509 simi·

454 1559 640 1629 litudinem
667 1566 789 1627 autem
816 1565 997 1648 ponuntur
1021 1558 1227 1626 animarum.
1273 1553 1500 1626 Ammona

454 1694 585 1758 mxlv,
613 1673 783 1744 Animam
813 1696 898 1766 ergo
931 1673 1110 1765 perditum
1143 1673 1242 1742 dedit
1277 1669 1387 1753 Deus,
1415 1672 1500 1763 obji-

453 1794 549 1863 ciens
579 1814 657 1861 eam
684 1789 777 1859 leoni
809 1790 846 1858 in
876 1790 989 1859 fovea.
1042 1787 1180 1861 Manus
1209 1805 1325 1869 mm,
1355 1785 1501 1879 Nequa-

452 1929 569 1998 quam,
595 1906 687 1976 absit
713 1905 801 1985 hoc;
827 1906 887 1975 sed
914 1904 1152 1997 apprehensus
1172 1911 1228 1973 est
1244 1901 1331 1972 ¹hoc
1348 1902 1498 1996 ingenio,

452 2023 489 2092 in
518 2024 677 2093 futurum
705 2043 788 2090 vero
814 2020 964 2091 salvabit
988 2042 1077 2089 eam.
1128 2017 1358 2090 Ancnnnsns
1385 2037 1499 2100 nixm,

453 2137 658 2208 Ridiculum
677 2139 753 2229 jam
780 2136 876 2207 istud
902 2146 968 2218 est,
985 2133 1064 2206 Viri
1090 2137 1277 2217 auditores,
1302 2135 1331 2205 si
1356 2157 1498 2229 agnum,

452 2277 557 2347 quem
581 2254 757 2325 retinebat
776 2255 810 2322 in
834 2254 979 2336 sinibus,
997 2261 1115 2345 pastor
1131 2253 1367 2322 extimescens
1390 2251 1499 2322 leonis

452 2370 658 2464 ingressum,
677 2370 825 2461 projecit
842 2391 924 2438 enm
949 2369 1197 2448 devorandum,
1216 2376 1254 2437 et
1272 2367 1404 2437 dicitur
1419 2368 1499 2460 quia

452 2486 488 2556 in
507 2486 665 2556 futurum
683 2484 834 2555 salvabit
851 2507 944 2554 eum.
997 2484 1184 2568 Quomodo
1202 2507 1272 2554 non
1290 2492 1408 2554 totum
1431 2483 1497 2554 hoc

451 2599 600 2671 ridiculo
619 2600 763 2693 plenum
782 2600 862 2670 esti
889 2600 984 2671 Nam
1004 2602 1094 2670 etin
1112 2599 1179 2670 boc
1197 2598 1304 2669 etiam
1323 2598 1496 2689 judicium

451 2716 631 2785 adimitur.
682 2713 799 2783 tDeus
825 2716 919 2784 enim
948 2714 1089 2784 Satanae
1113 2716 1267 2785 animam
1294 2715 1441 2786 tradidit
1462 2715 1496 2784 in

450 2832 698 2921 perditionem,
718 2831 763 2899 ab
781 2854 824 2900 eo
841 2832 1097 2901 assumendam.
1141 2831 1292 2915 Quando
1309 2830 1405 2900 enim
1423 2853 1498 2924 pas·

451 2957 517 3028 tor,
535 2957 676 3018 unonne
695 2948 809 3017 David
830 2949 874 3016 de
887 2969 947 3016 ore
965 2946 1087 3029 leonis,
1104 2945 1156 3015 vel
1177 2946 1246 3015 ursi
1265 2947 1357 3015 eruit
1371 2945 1497 3016 ovem?

452 3063 533 3133 Hoc
560 3065 708 3134 dicimus
736 3073 881 3155 propter
910 3086 968 3132 ore
991 3061 1108 3140 lconis,
1135 3064 1229 3153 quod
1256 3063 1328 3144 ait;
1355 3064 1418 3132 ’de
1440 3085 1498 3133 ore

452 3181 574 3263 leonis,
593 3189 655 3249 ant
678 3182 722 3249 de
741 3187 864 3248 ventre
890 3181 966 3269 ejus
992 3187 1110 3271 potest
1128 3177 1289 3258 educere,
1308 3181 1402 3269 quod
1423 3180 1497 3270 jam

451 3293 511 3364 ille
538 3296 731 3365 devoravit.
785 3295 857 3365 Sed
884 3297 978 3364 dices
1001 3294 1100 3373 mihi,
1119 3292 1217 3362 Deus
1243 3306 1306 3375 est,
1325 3302 1363 3362 et
1381 3294 1499 3364 omnia

450 3419 578 3500 potest.
630 3408 728 3479 Audi
751 3433 834 3503 ergo
852 3412 896 3480 ad
924 3410 1019 3491 lvaec;
1044 3395 1108 3478 cur
1133 3410 1240 3502 igitur
1257 3410 1350 3500 quod
1378 3410 1498 3501 possit,

490 3608 501 3647 t
523 3607 661 3681 Loquitur
675 3609 720 3663 liic
736 3609 900 3674 Archelaus,
916 3628 951 3664 ex
966 3608 1093 3664 Manetis
1113 3607 1262 3672 sententia,
1278 3607 1326 3681 qui
1347 3627 1413 3663 cum
1435 3628 1497 3683 pas·

449 3713 540 3760 torem
562 3705 774 3779 praevidentem,
795 3724 827 3761 ac
849 3713 1072 3779 praenoscentem
1095 3703 1248 3761 inevitabili
1268 3705 1359 3761 leonis
1381 3705 1498 3762 devora-

449 3801 517 3857 tioni
533 3802 697 3874 exposuisse
712 3802 825 3858 lvaedum
841 3803 955 3866 diceret,
971 3801 1132 3858 necessario
1154 3801 1380 3875 consequebatur
1401 3812 1497 3877 pasto·

449 3914 508 3953 rem
524 3898 614 3971 ipsum
630 3918 744 3955 causam
758 3919 820 3956 esse
841 3900 1008 3975 perditionis
1022 3900 1105 3966 haedi,
1121 3898 1203 3974 eique
1223 3899 1297 3955 illius
1318 3918 1418 3956 necem
1437 3902 1500 3974 jure

450 3993 579 4050 adscribi.

490 4102 505 4132 ¹¹
530 4092 585 4149 Hic
600 4093 704 4167 aliquid
724 4095 822 4150 deesse
836 4094 955 4150 videtur.
1000 4057 1095 4159 l'orte,
1113 4095 1224 4157 Quando
1245 4095 1314 4150 enim
1330 4104 1431 4168 pastor
1452 4095 1502 4151 doc

441 4186 544 4256 serit?
564 4190 662 4247 Nonne
679 4191 782 4253 David,
798 4193 847 4247 dac.

463 4313 468 4333 ¹
488 4309 548 4381 [An
564 4311 725 4386 legendum,
742 4310 795 4376 dic,
810 4312 834 4368 is
849 4322 892 4369 est
906 4313 951 4369 leo
964 4313 989 4383 Ρ]

462 4397 469 4418 ’
488 4407 574 4478 [Cum
590 4409 811 4483 interrogatione
826 4409 948 4485 legenda
962 4410 1019 4474 illa,
1036 4412 1067 4465 de
1081 4430 1128 4466 ore
1142 4412 1234 4474 learns,
1250 4418 1296 4466 aa!
1311 4411 1343 4465 de
1359 4412 1476 4483 uentre]
