3900 5167
527 454 571 517 38
747 452 1002 516 ARCHELAI
1034 452 1098 515 ET
1131 450 1352 514 MANETIS

528 624 612 695 litiae
638 622 802 716 cingulo;
837 622 897 693 alii
923 645 1016 706 vero,
1035 622 1095 692 vix
1121 629 1246 712 quarta
1275 620 1468 712 pretiomm
1497 642 1575 712 por⁴

528 744 626 812 tione
643 750 814 833 suscepta,
832 741 877 812 ad
895 740 1036 832 propria
1058 748 1172 809 castra
1188 737 1432 819 discederent3
1458 736 1574 807 caeteri

528 866 648 929 autem
667 878 790 949 parum
814 857 959 925 omniuo
976 854 1120 947 aliquid,
1138 862 1313 946 quantum
1330 853 1461 923 viatico
1481 851 1574 924 suffi-

529 981 637 1054 ceret,
653 972 866 1063 accipientes
884 971 1033 1041 obirent.

580 1087 631 1159 II.
658 1086 727 1159 His
749 1089 870 1179 itaque
892 1088 1002 1181 gestis
1026 1085 1127 1157 laetus
1150 1084 1346 1156 Marcellus
1369 1092 1447 1155 erat
1463 1082 1572 1167 valde,

461 1238 466 1247 ·
530 1214 567 1274 et
591 1204 705 1274 accim
727 1222 799 1272 uno
825 1225 872 1273 ex
894 1202 1054 1293 captivis,
1072 1200 1242 1293 Cortynio
1265 1200 1419 1282 nomine,
1437 1198 1574 1292 perqui-

530 1319 630 1390 rebat
646 1318 692 1389 ab
709 1342 752 1390 eo
769 1340 910 1389 caueam
930 1317 1024 1399 belli,
1043 1316 1099 1386 vel
1117 1340 1188 1407 quo
1205 1338 1288 1387 casu
1305 1316 1372 1407 ipsi
1394 1314 1574 1385 inferiores

530 1436 725 1515 extiterint,
750 1457 792 1505 ac
818 1433 967 1504 vinculis
996 1433 1212 1526 captivitatis
1240 1432 1363 1503 innexi
1392 1433 1475 1503 siut.
1525 1428 1575 1500 At

530 1550 602 1633 illc,
619 1548 785 1641 loquendi
806 1548 872 1619 sibi
889 1556 1067 1638 potestate
1084 1549 1263 1641 permissa,
1280 1548 1332 1619 ita
1348 1568 1495 1618 exorsus
1512 1554 1573 1616 est

532 1665 620 1747 Nos,
649 1664 803 1737 Domine
832 1665 881 1733 mi
913 1661 1097 1746 Marcelle,
1126 1660 1260 1731 viventi
1293 1658 1372 1731 Deo
1402 1660 1576 1730 oredimus

531 1783 607 1854 soli.
661 1781 726 1852 Est
744 1790 865 1852 eutem
887 1780 988 1851 nobis
1010 1802 1087 1850 mos
1110 1778 1312 1869 hujusmodi
1330 1775 1479 1848 Petrum
1499 1797 1577 1846 nos-

532 1906 666 1969 trorum
689 1899 728 1968 in
747 1920 811 1969 nos
828 1897 1019 1968 traditione
1036 1896 1261 1976 descendens,
1280 1895 1412 1986 quique
1433 1916 1455 1963 a
1477 1891 1575 1963 nobis

533 2012 736 2082 observatus
761 2019 816 2079 est
841 2031 953 2100 nsque
980 2009 1023 2079 ad
1050 2009 1145 2079 hunc
1171 2009 1275 2089 diem,
1293 2031 1357 2101 per
1376 2029 1487 2077 annos
1509 2007 1576 2077 sin-

532 2125 634 2220 gulos
659 2134 762 2196 extra
786 2124 910 2195 urbem
936 2126 1077 2219 egressi,
1100 2147 1171 2194 una
1195 2146 1278 2194 cum
1304 2122 1513 2217 conjugibus
1536 2144 1577 2192 ac

533 2241 663 2326 liberis,
693 2241 930 2334 supplicamus
960 2241 1035 2324 soli,
1066 2252 1104 2312 et
1133 2240 1300 2311 invisibili
1330 2240 1418 2324 Deo,
1448 2239 1577 2311 imbres

533 2359 579 2431 ab
606 2382 648 2429 eo
678 2358 762 2429 satis
791 2357 918 2428 nostris
947 2380 989 2427 ac
1017 2356 1176 2452 frugibus
1207 2358 1451 2428 obsecrantes:
1484 2356 1577 2449 quod

534 2497 616 2546 curn
641 2484 812 2566 tempore,
836 2496 877 2544 sc
903 2496 1001 2543 more
1027 2473 1131 2544 solito
1157 2473 1424 2555 celebraremus,
1451 2474 1579 2544 immo·

534 2601 652 2662 rantes
668 2592 809 2683 jejunos
832 2612 956 2682 vesper
977 2589 1127 2672 obtexit,
1146 2599 1184 2659 et
1206 2588 1400 2683 gravabant
1423 2610 1488 2659 nos
1508 2588 1578 2658 duo

535 2709 693 2777 omnium
736 2706 950 2788 difficillima,
979 2706 1167 2797 jejunium,
1202 2715 1240 2775 et
1277 2704 1416 2798 vigiliae.
1477 2704 1580 2776 Circa

535 2822 692 2891 medium
724 2844 805 2891 vero
835 2821 948 2890 noctis
983 2821 1121 2891 invidus
1151 2821 1260 2902 nobis,
1292 2830 1329 2890 et
1359 2821 1581 2911 importunus

536 2958 678 3007 somnus
704 2936 879 3028 obrepsit3
910 2945 947 3005 et
973 2937 1167 3006 cervicibus
1193 2935 1392 3029 degravatis
1416 2957 1457 3004 ac
1481 2933 1580 3017 laxis,

536 3047 712 3123 ‘demerso
729 3053 853 3143 capite,
868 3052 1022 3122 frontem
1039 3053 1187 3147 genibus
1205 3052 1316 3121 elidit.
1360 3049 1441 3120 Hoc
1458 3058 1581 3121 autem

537 3167 669 3239 factum
696 3178 761 3251 est,
779 3170 944 3259 quoniam
970 3178 1112 3262 tempus
1137 3171 1267 3249 ederat,
1286 3176 1328 3236 ut
1355 3166 1423 3236 Dei
1443 3167 1581 3258 judicio

537 3368 614 3425 quem
627 3349 729 3406 Petrus
742 3350 908 3417 catechizem
925 3352 987 3407 dum
1002 3359 1089 3406 tumen
1104 3358 1226 3423 susceptu
1234 3350 1301 3424 fide,
1313 3356 1392 3423 utque
1405 3348 1524 3423 εἰφιαεα,
1536 3358 1582 3406 out

536 3447 707 3503 secumdum
721 3447 813 3503 statim
827 3447 874 3511 sit,
890 3455 919 3502 ut
933 3446 1025 3503 multis
1039 3455 1136 3511 actum,
1151 3455 1199 3503 out
1213 3446 1332 3503 omnibus
1346 3446 1432 3502 modis
1450 3446 1582 3502 savium·

537 3546 609 3610 dum,
623 3565 656 3602 ue
674 3546 739 3620 quid
756 3546 884 3601 aduncus
898 3545 987 3602 Deum
1009 3545 1273 3617 comminutumque
1291 3562 1338 3600 uec
1354 3563 1386 3600 eu
1402 3543 1501 3600 militia
1515 3563 1581 3619 per-

538 3643 698 3709 mittuntur,-
723 3652 770 3700 uut
790 3643 932 3699 muisaimc
947 3643 1150 3718 perpetiendum
1166 3662 1220 3717 pro
1243 3642 1314 3710 Deo,
1334 3642 1404 3717 quod
1424 3660 1496 3717 oeque
1510 3643 1584 3717 fides

533 3759 642 3816 popano
664 3741 792 3798 condicit.
834 3740 992 3797 Concilium
1010 3740 1161 3797 Nicaenum
1180 3759 1242 3797 can.
1258 3758 1300 3796 ια.
1318 3740 1472 3814 Quicunque
1493 3741 1583 3797 vocati

533 3858 587 3914 per
608 3839 736 3914 pretium,
756 3840 875 3914 primum
899 3840 1003 3913 quidem
1027 3840 1153 3915 impetum
1177 3845 1400 3903 monstraverunt,
1425 3837 1583 3912 deponentes

538 3937 642 3995 militioe
662 3937 804 4013 muudum,
821 3938 990 4012 postmodum
1008 3955 1072 3992 vero
1094 3936 1130 3992 ud
1145 3937 1288 4011 proprium
1308 3934 1434 3991 occuitum
1454 3944 1519 3991 suut
1539 3954 1583 3991 rc·

538 4035 618 4110 lapsi,
640 4036 679 4091 itu
700 4045 729 4092 ut
750 4036 856 4110 quidum
880 4044 906 4091 et
924 4035 1053 4109 pecunias
1075 4034 1231 4097 tribuerent,
1253 4041 1280 4089 et
1301 4032 1435 4107 beurrficiis
1454 4032 1583 4090 militiam

538 4142 696 4209 repeterent,
711 4133 739 4189 b·
758 4135 845 4190 decem
864 4134 942 4189 onais
955 4140 1022 4207 post
1040 4133 1151 4189 triennii
1170 4141 1281 4208 tempus,
1297 4149 1348 4205 quo
1361 4132 1432 4185 iuter
1445 4131 1584 4188 cuduntur

539 4239 626 4295 erunt
640 4232 669 4287 iu
688 4231 831 4305 (uitiatione
846 4238 1031 4305 permaneant.
1067 4230 1140 4286 Vide
1162 4230 1273 4304 Lupum
1294 4237 1323 4285 et
1345 4228 1533 4303 Beveregium
1554 4228 1584 4284 in

540 4327 661 4385 eundem
675 4345 820 4384 canonem.
1095 4331 1097 4335 ’

937 4424 949 4466 s
962 4426 1057 4492 Forte,
1071 4427 1188 4484 dimisso.
