3900 5167
655 460 719 524 DE
743 462 1127 529 REBAPTISMATE
1152 466 1308 531 LIBER.
1438 469 1499 532 311

454 635 645 707 sceleribus
679 639 751 709 suis
785 641 949 724 convicti,
986 641 1109 712 'etiam
1144 642 1232 736 ipso,
1265 650 1328 712 aut
1362 666 1502 735 prorsus

453 755 560 825 etiam
581 759 901 830 communicatione
918 758 1123 852 privantur?
1162 758 1238 830 Aut
1259 761 1343 852 quid
1367 770 1502 833 statues

453 872 498 942 de
516 873 646 966 eisqui
663 875 897 968 abepiscopis
918 898 1027 969 prave
1049 876 1283 948 sentientibus
1305 886 1369 948 aut
1390 878 1501 971 impe-

452 987 633 1059 ritioribus
649 989 782 1060 fuerint
797 990 992 1083 baptizati?
1017 993 1158 1084 quando
1175 1014 1247 1061 non
1264 993 1308 1064 ad
1325 992 1498 1085 liquidum

452 1113 491 1173 et
516 1105 665 1199 integre,
682 1106 740 1177 vel
765 1108 873 1177 etiam
898 1107 1003 1179 aliter
1028 1130 1135 1198 quam
1162 1118 1313 1201 oportet,
1334 1111 1372 1180 in
1392 1110 1500 1180 tradi-

453 1220 552 1291 tione
568 1224 778 1294 sacramenti
796 1224 928 1294 fuerint
945 1225 1076 1306 locuti;
1103 1234 1199 1295 certe
1219 1234 1283 1296 aut
1305 1227 1499 1321 interroga-

453 1337 570 1407 verint
592 1339 689 1430 quid,
707 1348 770 1409 aut
794 1342 1051 1434 interrogantes
1076 1364 1097 1410 a
1122 1342 1414 1432 respondentibus
1438 1366 1500 1414 au-

452 1452 584 1524 dierint
609 1456 702 1546 quod
728 1456 875 1526 minime
900 1456 952 1525 ita
976 1456 1184 1549 interrogari
1209 1465 1271 1528 aut
1296 1460 1497 1551 responderi

451 1569 582 1653 debet;
608 1571 702 1663 quod
719 1580 840 1643 tamen
857 1594 928 1642 non
945 1571 1049 1643 valde
1071 1571 1168 1642 illam
1190 1582 1346 1645 nostram
1363 1584 1495 1647 rectam

451 1685 560 1757 fidem
584 1687 696 1771 loedat
714 1690 773 1758 sed
799 1710 871 1758 non
891 1696 966 1759 tam
990 1698 1114 1759 ornate
1131 1698 1173 1759 ut
1190 1697 1230 1760 tu
1248 1699 1286 1760 et
1302 1694 1497 1784 composite
1574 1738 1577 1743 -

451 1802 510 1875 isti
529 1827 669 1897 quoque
685 1804 913 1898 simpliciores
929 1804 1091 1876 homines
1107 1805 1311 1899 mysterium
1326 1807 1408 1879 fidei
1427 1818 1496 1881 tra-

450 1920 550 1991 dant.
604 1920 773 1992 Dicturus
799 1944 837 1992 es
867 1922 960 1991 enim
991 1922 1114 2013 utique
1144 1944 1207 2014 pro
1237 1931 1299 1993 tua
1328 1923 1494 2016 singulari

450 2036 645 2131 diligentis,
661 2037 725 2109 hos
750 2061 891 2131 quoque
915 2040 1032 2109 denuo
1057 2038 1285 2130 baptizandos
1308 2061 1394 2121 esse,
1411 2064 1492 2111 cum

449 2152 606 2222 maxime
628 2154 679 2224 eis
699 2175 755 2224 ree
778 2155 879 2236 desit,
896 2163 959 2224 aut
980 2153 1108 2235 obstet,
1126 2176 1198 2245 quo
1215 2154 1332 2224 minus
1349 2154 1494 2225 inviola-

448 2265 522 2336 bile
538 2266 625 2337 illud
643 2267 801 2339 divinum
823 2270 1028 2362 mysterium
1047 2268 1129 2340 fidei
1146 2270 1396 2339 intemeratum
1415 2293 1492 2363 pos·

447 2381 520 2452 sint
536 2384 704 2476 accipere.
742 2383 813 2454 Sed
832 2387 939 2467 enim,
958 2386 1127 2455 'virorum
1148 2385 1291 2478 optime,
1306 2385 1493 2455 reddamus

447 2506 485 2567 et
511 2499 758 2590 permittamus
785 2501 973 2571 virtutibus
1001 2499 1203 2571 coelestibus
1230 2502 1320 2570 vires
1344 2523 1432 2583 suas,
1455 2512 1493 2571 et

446 2612 642 2706 dignationi
660 2614 787 2685 divinae
809 2617 1003 2708 majestatis
1020 2616 1255 2687 concedamus
1272 2617 1492 2709 operationes

446 2731 612 2823 proprias,
630 2741 668 2800 et
693 2731 933 2826 intelligentes
959 2732 1190 2824 quantumin
1218 2755 1261 2803 ea
1285 2732 1333 2803 sit
1357 2731 1493 2802 emolu-

445 2857 617 2930 mentum,
644 2846 798 2918 libenter
826 2849 859 2918 ei
889 2848 1165 2940 adquiescamus.
1219 2848 1268 2919 Et
1296 2850 1377 2920 ideo
1408 2872 1489 2919 curn

444 2962 539 3034 salus
561 2974 680 3034 nostra
696 2964 733 3033 in
755 2963 968 3055 baptismate
986 2964 1150 3057 Spiritus,
1167 2966 1261 3057 quod
1280 2964 1489 3059 plerumque

444 3100 526 3149 cnm
550 3079 762 3172 baptismate
786 3103 885 3173 aquae
907 3083 1116 3174 conjunctus
1139 3093 1204 3167 eet,
1221 3084 1267 3154 sit
1284 3083 1487 3166 constituta,

444 3194 473 3264 si
503 3195 647 3287 quidem
681 3219 744 3289 per
777 3219 841 3267 nos
876 3196 1050 3290 baptisma
1083 3198 1252 3282 tradetur,
1282 3199 1419 3293 integre
1450 3209 1488 3269 et

443 3309 649 3382 sollenniter
673 3321 711 3382 et
736 3336 801 3406 per
822 3316 941 3384 omnia
963 3337 1042 3405 quae
1067 3316 1197 3408 scripta
1221 3325 1304 3386 sunt
1327 3315 1487 3409 adsigne-

442 3434 511 3510 tur,
528 3436 638 3520 atque
660 3430 735 3501 sine
759 3429 832 3499 ulla
858 3429 963 3501 ullius
988 3432 1038 3501 rei
1065 3432 1283 3526 separatione
1306 3431 1487 3502 tradatur:

483 3651 592 3708 'etiam
616 3652 687 3727 ipso,
712 3662 761 3711 aut
786 3672 902 3729 prorsus
926 3654 1012 3711 etiam
1039 3652 1294 3710 communicatione
1321 3652 1482 3731 privantur]

441 3749 536 3806 Etiam
556 3750 628 3825 ipso,
642 3751 750 3809 scilicet
770 3752 903 3817 Domino,
922 3752 1078 3827 privantur.
1100 3752 1165 3826 quis
1183 3752 1229 3809 vel
1249 3752 1325 3809 iacto
1346 3770 1398 3809 suo
1419 3770 1485 3826 pes·

440 3847 512 3905 simo
525 3848 679 3906 Dominum
701 3859 818 3925 negant,
838 3860 867 3909 et
887 3850 923 3907 ad
942 3850 1085 3909 Ethnicos
1106 3858 1271 3906 transeunt:
1294 3858 1343 3907 aut
1367 3868 1485 3926 prorsus

440 3945 525 4003 etiarn
553 3946 703 4021 ejiciuntur
730 3948 766 4004 ab
789 3948 917 4005 ecclesia.
940 3949 1118 4005 Rrossrrus.
1160 3947 1266 4004 Melius
1288 3947 1334 4004 hic
1358 3949 1484 4022 reposuit

440 4043 534 4101 Fcllus
554 4046 635 4101 etium
652 4046 711 4120 ipso
725 4065 840 4110 manne,
857 4047 907 4103 sed
928 4045 1141 4104 convenientius
1155 4064 1219 4101 cum
1234 4045 1376 4121 contiguis
1390 4048 1484 4102 ordine

438 4161 490 4217 pro
503 4162 612 4199 msam
625 4144 804 4201 scribendum
819 4145 914 4201 fuerit.

478 4247 487 4271 ³
502 4240 625 4297 virorum
648 4242 766 4315 optime]
784 4243 875 4300 Antea
895 4242 1044 4316 legebatur
1056 4242 1195 4297 vivorum:
1218 4241 1379 4298 emendatio
1392 4241 1482 4299 facilis

438 4345 466 4393 et
480 4338 572 4395 obvia.
595 4339 708 4395 Batuz.
