3900 5167
486 300 530 365 10
858 297 1162 365 ARCHELAUS.

484 491 524 536 ac
550 469 634 535 malo
660 468 732 534 Dec
757 468 903 534 haeresim
931 492 953 535 a
985 469 1119 535 Manets
1147 490 1206 554 per
1230 466 1333 531 vanas
1357 465 1444 532 orbis
1469 472 1529 532 tar·

484 592 594 636 rarum
614 578 725 655 partes
739 571 823 635 circa
841 593 959 636 annum
974 594 1016 636 iv.
1033 569 1199 635 Aureliani
1218 569 1293 653 imp.
1308 590 1419 633 rursus
1434 568 1530 634 dirui·

483 679 597 758 getam
610 673 707 738 fuisse
722 673 852 746 scribit;
876 674 991 738 deinde
1005 695 1080 738 vero
1099 673 1158 737 sub
1174 670 1359 746 Aureliano,
1374 678 1409 735 et
1424 668 1530 735 Probo

484 774 518 837 id
536 796 558 839 a
578 772 711 839 Manete
732 774 852 838 iactum
867 774 963 839 fuisse
983 774 1096 852 innuit,
1119 780 1157 838 ut
1174 773 1281 837 videre
1300 778 1350 836 est
1368 792 1454 836 num.
1465 771 1529 836 xix

485 897 540 939 xx.
563 875 617 939 lix.
640 882 675 940 et
697 875 802 939 lxxvii.
826 876 968 961 ejusdem
990 876 1154 940 haereseos.
1201 875 1273 938 Non
1296 872 1403 959 potuit
1423 880 1532 938 autem

486 976 664 1041 Archelaus
688 977 857 1055 Valeriani,
880 984 914 1042 et
936 977 1074 1042 Gallieni
1096 998 1180 1042 anno
1202 999 1246 1039 rx.
1273 978 1440 1041 Manstem
1462 976 1532 1041 viva

484 1098 562 1141 voce
588 1078 763 1154 confutare,
786 1085 823 1143 ut
848 1079 880 1141 in
905 1079 989 1143 libro
1017 1079 1057 1142 de
1082 1078 1242 1142 Mensuris
1269 1086 1304 1142 et
1333 1078 1531 1142 Ponderibus

479 1179 533 1243 ait
560 1178 769 1264 Epiphanius,
795 1180 822 1243 si
849 1188 922 1265 post
948 1202 1012 1244 non
1036 1201 1155 1265 paucos
1180 1200 1288 1253 annos,
1312 1179 1362 1243 vel
1382 1200 1468 1243 anno
1488 1200 1531 1241 ιν.

486 1280 661 1357 Aureliani,
673 1281 722 1345 vel
736 1282 820 1346 circa
829 1282 924 1347 linem
936 1282 1078 1368 ejusdem
1093 1281 1225 1367 imperii,
1237 1289 1271 1345 et
1285 1279 1409 1345 initium
1423 1280 1530 1358 Probi,

483 1379 602 1443 Manes
616 1378 805 1462 antiquioris
820 1380 931 1443 nefarii
952 1380 1112 1465 dogmatis
1127 1380 1323 1443 incrementa
1337 1377 1530 1462 procuravit.

486 1480 632 1545 Priorem
650 1481 821 1565 Epiphanii
836 1482 992 1546 calculum
1011 1482 1044 1545 in
1062 1482 1143 1546 libro
1158 1481 1198 1544 de
1221 1480 1380 1544 Mensuris
1394 1486 1429 1544 et
1449 1481 1533 1544 Pon·

480 1582 614 1647 deribus
644 1582 788 1667 sequitur
813 1585 930 1648 Petrus
957 1583 1080 1648 Siculus
1108 1584 1140 1647 in
1166 1582 1253 1647 Hist.
1279 1582 1532 1646 Manichaeorum

481 1703 558 1769 pag.
574 1701 627 1768 37,
644 1691 677 1747 ct
697 1683 833 1748 Photius
853 1684 887 1747 in
906 1684 1038 1749 laudato
1057 1684 1112 1748 lib.
1128 1685 1149 1748 i.
1172 1685 1324 1748 advorsus
1346 1682 1533 1747 Manichscs

480 1785 720 1871 repullulantes,
741 1786 815 1851 licet
834 1787 1021 1851 Valerianus
1036 1788 1123 1871 Aug.
1139 1786 1207 1870 jam
1226 1785 1268 1849 ab
1287 1805 1371 1848 anno
1392 1806 1448 1847 vu.
1464 1785 1533 1869 ejus

484 1887 608 1973 imperii
624 1908 645 1950 a
660 1887 781 1971 Sapore
795 1906 871 1971 rege
884 1889 1054 1951 Persarum
1069 1896 1182 1971 captus
1193 1886 1308 1961 fuerit3
1323 1886 1532 1969 posteriorem

485 2009 560 2052 vero
575 1989 714 2072 probant
729 1997 802 2053 acta
816 1989 886 2073 ipsa
900 1988 1126 2073 disputationis
1140 1987 1290 2051 Archelai
1302 2008 1374 2051 cum
1386 1987 1531 2065 Manete,

484 2110 526 2153 ex
540 2110 675 2174 quorum
689 2111 759 2173 cap.
772 2090 891 2153 xxxvii.
909 2090 1013 2153 lucide
1027 2097 1171 2174 apparet,
1189 2087 1380 2152 Archelaum
1396 2088 1455 2152 sub
1475 2088 1532 2152 im-

484 2190 573 2275 perio
597 2190 705 2267 Probi,
728 2213 792 2254 non
813 2199 922 2256 autem
945 2190 1089 2263 Gallieni,
1113 2210 1185 2254 cum
1208 2190 1353 2262 Maureta,
1378 2190 1418 2252 de
1443 2188 1533 2275 cujus

485 2290 596 2355 haeresi
613 2290 655 2353 nil
670 2291 774 2355 adhuc
789 2292 848 2355 sibi
864 2299 1063 2372 compertum
1077 2297 1157 2366 erat,
1174 2290 1361 2371 disputasse.
1397 2288 1532 2373 cyrillus

485 2413 611 2477 quoque
634 2393 955 2477 Hierosolymitanus,
981 2392 1034 2477 qui
1058 2392 1262 2476 septuaginta
1288 2397 1415 2454 tentum
1439 2390 1532 2454 annis

485 2500 558 2577 post
584 2495 742 2559 detectam
772 2495 916 2560 Manetis
941 2494 1086 2559 haeresim
1112 2515 1146 2558 se
1177 2494 1314 2557 scribere
1334 2499 1475 2557 testatur
1499 2493 1532 2556 in

485 2594 650 2659 catechesi
661 2596 701 2659 vi.
717 2620 790 2680 pag.
805 2615 876 2677 140.
892 2598 1060 2659 Manstem
1071 2597 1178 2659 Probo
1190 2596 1376 2678 imperante,
1387 2592 1531 2659 haeresim

484 2696 647 2780 divulgare
667 2697 810 2781 coepisse,
830 2698 947 2761 diserte
967 2697 1087 2761 scribit.
1142 2698 1320 2761 Dicendum
1343 2696 1452 2781 itaque
1471 2702 1531 2773 est,

485 2796 702 2880 Epiphanium
725 2799 757 2859 in
778 2797 858 2861 libro
877 2798 918 2863 de
938 2798 1102 2861 Mensuris
1122 2805 1156 2863 et
1177 2798 1375 2862 Ponderibus
1397 2818 1531 2874 errasse,

483 2906 519 2962 et
533 2899 634 2962 multo
648 2900 785 2964 certiora
800 2901 840 2964 de
856 2900 1109 2965 Manichaeorum
1124 2901 1253 2965 haeresis
1267 2907 1381 2964 exortu
1395 2899 1429 2962 in
1443 2899 1532 2964 libris

483 3000 636 3064 adversus
658 3001 794 3066 haereses
815 3003 907 3066 nobis
926 3002 1107 3078 tradidisse,
1123 3002 1197 3066 licet
1219 3002 1251 3064 in
1266 3002 1384 3065 eisdem
1406 3023 1532 3086 quoque

483 3100 574 3165 libris
596 3102 711 3166 iterum
734 3103 794 3167 sibi
816 3126 879 3168 non
901 3109 1049 3167 constare
1071 3103 1348 3188 deprehendatur;
1370 3123 1445 3166 nam
1460 3125 1532 3168 cum

484 3203 617 3267 dixisset
643 3225 727 3267 anno
745 3227 789 3268 ιν.
813 3205 990 3282 Aureliani,
1012 3203 1065 3289 qui
1087 3212 1213 3290 partem
1238 3205 1313 3269 anni
1334 3227 1474 3268 cccxxrn.
1498 3212 1532 3270 et

376 3395 378 3398 Ι
480 3326 625 3369 cccxmv.
642 3305 873 3391 complectitur,
890 3307 1054 3370 emersisse
1070 3306 1248 3383 Manetem,
1262 3328 1301 3371 ac
1316 3314 1472 3392 praeterea
1486 3308 1531 3372 ai·

483 3403 654 3481 firmasset,
669 3406 701 3469 id
720 3407 871 3472 accidisse
887 3407 1053 3471 Aureliani
1073 3418 1104 3470 et
1123 3407 1221 3471 Probi
1241 3408 1450 3492 temporibus,
1470 3408 1531 3472 hoc

481 3516 544 3581 est,
560 3527 643 3569 anno
658 3506 776 3571 (lhristi
790 3530 930 3571 cccxxvi.
946 3508 1118 3571 secundum
1133 3508 1298 3592 quosdam,
1314 3509 1367 3592 qui
1377 3509 1532 3594 jamtum

484 3608 526 3671 ab
549 3608 615 3693 ejus
636 3609 805 3673 nativitate
827 3630 927 3672 annos
949 3629 1115 3672 numerare
1137 3616 1316 3685 sueverant,
1340 3609 1414 3674 licet
1436 3632 1490 3674 eos
1511 3632 1533 3674 a

483 3696 606 3774 Christi
620 3710 653 3773 in
668 3710 764 3774 coelos
782 3711 998 3794 assumptione
1017 3732 1118 3774 annos
1137 3718 1311 3796 supputare
1332 3711 1532 3796 Epiphanius

485 3818 618 3886 asserum,
629 3811 677 3874 vel
688 3831 772 3875 anno
783 3832 899 3874 ocxnvr.
915 3812 1087 3875 secundum
1099 3812 1188 3889 alios,
1198 3813 1251 3896 qui
1262 3835 1282 3876 a
1294 3812 1414 3877 Ohristi
1428 3822 1533 3879 morte

485 3932 586 3975 annos
604 3911 840 3995 supputabant;
864 3920 977 3996 postca
997 3913 1115 3987 subdit,
1136 3937 1155 3976 a
1175 3914 1317 3977 Manetis
1337 3916 1533 3998 temporibus

485 4032 586 4096 usque
608 4013 649 4074 ad
675 4033 792 4075 annum
816 4035 884 4075 1111.
906 4012 983 4098 imp.
1007 4012 1162 4090 Valentis,
1186 4021 1220 4078 et
1242 4037 1287 4077 ix.
1312 4013 1470 4091 Gratiani,
1494 4036 1532 4081 ac

486 4111 623 4197 primum
643 4110 855 4177 Valentiniani
874 4114 1098 4199 juniorisque
1117 4115 1185 4198 ipse
1205 4115 1376 4190 scribebat,
1391 4115 1452 4179 hoc
1472 4123 1531 4193 est,

485 4233 586 4297 usque
600 4214 642 4277 ad
656 4235 729 4278 teroe
745 4214 882 4300 vulgaris
896 4238 1015 4281 annum
1029 4236 1188 4280 ccccxxvi.
1203 4217 1417 4281 intercessisse
1432 4238 1532 4282 annos
