3900 5167
523 459 589 526 274
891 461 923 523 S.
939 457 1212 524 AUGUSTINI

327 693 330 700 .
361 645 476 708 cur-41.
575 631 781 704 Honoratus
809 629 971 704 aTuocs
999 631 1112 704 dixits
1138 627 1229 705 Cam
1254 625 1420 703 Christus
1447 625 1571 700 emm

523 747 707 845 sitmopis
731 748 905 820 amitalem
931 743 1331 843 qsmmoonsaetadinem
1355 745 1456 840 sepiri
1479 741 1571 815 dehe-

523 885 622 944 πω
647 855 1570 959 athoereticos,qaiideoadnosacniant,paiasoris

522 975 616 1049 nihii
637 977 791 1073 accipere
817 986 1013 1072 potaesmnt,
1034 975 1202 1050 Euchaita
1228 974 1398 1072 baptismo
1420 972 1570 1068 manfi-

521 1113 645 1164 cemus.

571 1205 621 1280 Et
637 1193 705 1280 isio
721 1209 918 1282 adtestator
933 1218 988 1281 est
1004 1209 1280 1292 consuetudinis,
1295 1207 1359 1278 ubi
1375 1227 1442 1278 nos
1462 1203 1571 1300 ptuli-

519 1345 620 1395 mum
645 1324 800 1418 adjuvat,
825 1325 996 1420 quidquid
1023 1325 1120 1398 uiua
1144 1307 1270 1398 aim
1292 1345 1359 1396 nos
1383 1323 1503 1394 orooro
1519 1321 1569 1391 n.

519 1435 656 1509 dostur.
709 1436 794 1508 Non
820 1448 942 1510 autem
967 1439 1049 1512 ideo
1072 1439 1118 1511 od
1143 1461 1208 1510 uos
1228 1437 1380 1510 veniunt
1400 1435 1568 1518 heretici,

518 1552 602 1646 quic
629 1551 714 1624 forie
741 1553 831 1624 nihil
858 1564 1094 1648 acceperuut3
1129 1553 1192 1624 aed
1222 1563 1264 1624 ut
1290 1553 1344 1624 eis
1372 1548 1464 1622 utile
1493 1571 1568 1620 csse

412 1764 417 1771 ¹
517 1667 665 1762 incipiat
682 1668 778 1761 quod
792 1677 1027 1763 acceperunt:
1054 1669 1122 1741 hoc
1134 1670 1230 1741 enim
1242 1667 1329 1738 ioris
1344 1663 1445 1738 nullo
1463 1664 1566 1736 modo

518 1792 652 1878 potest.

355 1909 467 1974 omn.
569 1897 699 1973 Victor
722 1901 769 1973 ab
794 1900 933 1973 Octavo
958 1900 1070 1973 dixit:
1097 1897 1200 1990 Quod
1221 1906 1254 1970 at
1278 1894 1348 1993 ipsi
1370 1897 1480 1981 scitis,
1498 1919 1566 1970 noa
1615 1903 1619 1912 '

517 2011 600 2088 olim
629 2039 704 2088 snm
735 2015 938 2088 constitutas
966 2017 1154 2114 episcopas,
1176 2022 1209 2088 et
1233 2012 1310 2086 ideo
1334 2011 1565 2108 nespeotahom

511 2151 760 2226 macenorum
779 2130 971 2204 moratium.
1021 2129 1104 2206 Hoc
1118 2131 1233 2228 impos
1248 2129 1420 2215 mama,
1437 2139 1477 2202 at
1492 2129 1568 2225 qui·

517 2267 659 2342 cumque
674 2269 719 2318 ea
734 2244 861 2318 heresi
876 2247 1040 2332 cancrini,
1056 2247 1133 2320 nne
1147 2243 1251 2320 dubio
1267 2243 1497 2342 baptizentur.

568 2361 675 2447 Quod
700 2385 785 2458 ergo
810 2362 996 2456 illinflquos
1020 2363 1261 2458 exspectabat,
1276 2383 1486 2455 responsum
1502 2369 1565 2442 ost,

517 2475 601 2548 huic
618 2499 759 2571 quoque
777 2499 982 2570 responsum
999 2477 1203 2572 accipiatur.

353 2605 467 2672 cruss-
567 2593 694 2666 Clarus
723 2617 745 2665 u
770 2593 932 2666 Mascula
957 2592 1069 2666 dixit:
1094 2589 1291 2688 Manifesta
1319 2599 1372 2664 est
1398 2591 1565 2664 secundo

515 2705 667 2780 Domini
691 2710 803 2780 nostri
818 2708 908 2780 Jesa
931 2705 1069 2783 Christi
1092 2706 1261 2804 apostolos
1284 2729 1366 2778 saos
1389 2707 1564 2791 mittentis,

516 2830 549 2893 et
564 2823 652 2918 ipsis
667 2821 752 2895 solis
768 2833 966 2919 potestatem
984 2848 1007 2895 a
1022 2822 1133 2895 Patre
1148 2822 1215 2895 sihi
1231 2822 1347 2894 datam
1364 2822 1564 2918 pes-raitten-

516 2940 584 3019 tis,·
608 2938 730 3034 quihus
747 2964 809 3012 nos
825 2942 1056 3023 successimus,
1070 2939 1185 3011 cadem
1197 2947 1362 3035 potestate
1373 2937 1563 3010 Ecclesiam

516 3053 664 3126 Domini
676 3055 915 3152 puhermantes,
932 3067 964 3128 et
981 3039 1190 3128 credentiam
1202 3054 1312 3151 sidem
1329 3053 1562 3149 baptizantes:

515 3179 547 3242 et
572 3170 649 3241 ideo
674 3169 839 3255 haretici,
857 3173 919 3267 qai
944 3196 1006 3243 aec
1025 3182 1223 3267 potestatem
1240 3170 1353 3268 foris,
1370 3196 1432 3243 aec
1448 3170 1564 3243 Eccle-

514 3287 602 3356 siam
623 3284 759 3360 Christi
774 3285 905 3371 haherrt,
924 3289 1092 3359 neminem
1113 3286 1290 3384 baptizare
1309 3286 1479 3381 haptismo
1495 3288 1563 3380 ejsss

508 3412 665 3497 possunt.

564 3520 749 3611 Numquid
777 3530 815 3590 et
845 3522 945 3613 impii
976 3521 1163 3591 homicidae
1193 3518 1361 3613 apostolis
1388 3541 1564 3590 successe

513 3635 619 3705 runt?
654 3635 728 3705 Cur
745 3658 828 3728 ergo
847 3636 1051 3729 baptizanti
1088 3636 1148 3706 An
1167 3638 1336 3728 quianon
1355 3646 1439 3705 sunt
1455 3634 1562 3706 foris?

515 3750 604 3821 'Sed
622 3774 644 3820 a
660 3760 763 3843 petra
780 3752 863 3822 foris
884 3762 976 3834 sunt,
996 3752 1053 3822 cui
1070 3751 1187 3822 claves
1204 3751 1380 3821 Dominus
1397 3750 1508 3834 dedit,
1525 3760 1562 3820 et

511 3867 573 3937 ubi
592 3890 630 3937 so
647 3867 905 3939 aedificaturum
924 3868 1118 3939 Ecclesiam
1138 3869 1240 3937 dixit.

348 3995 461 4057 cir-m·
561 3982 807 4054 Seoundianus
824 4006 845 4053 a
861 3983 1051 4054 Thambeis
1074 3984 1184 4054 dixit:
1211 3980 1293 4053 Non
1316 3979 1472 4053 dehemus
1492 3979 1561 4051 ha·

509 4098 633 4170 reticos
663 4109 783 4170 nostra
807 4100 1058 4193 praesumtione
1087 4098 1250 4194 decepere,
1279 4107 1316 4170 at
1341 4100 1380 4169 in
1405 4096 1560 4170 Ecclesia

511 4209 661 4284 Domini
685 4216 797 4285 nostri
811 4213 901 4286 Jesa
920 4212 1058 4289 Christi
1079 4213 1342 4309 conbaptizati,
1360 4238 1402 4285 ac
1415 4237 1484 4310 per
1499 4212 1560 4284 hoc

509 4330 742 4401 remissionem
767 4342 985 4425 peccatorum
1017 4356 1086 4404 noa
1116 4332 1297 4414 consecuti,
1330 4355 1406 4403 cam
1426 4329 1557 4424 judicii

715 4474 722 4497 ¹
742 4468 821 4542 [For.
835 4470 999 4546 legendum,
1015 4470 1074 4530 Sed
1089 4472 1211 4547 separati
1224 4491 1242 4529 a
1254 4472 1359 4547 petru]
