3900 5167
609 470 851 536 RESPONSA
875 472 942 535 AD
965 472 1229 537 EPISCOPOS.
1375 475 1441 543 277

391 649 559 741 sequitur,
585 647 690 718 simul
716 649 753 717 in
778 648 916 719 foveam
942 649 1094 731 cadunt3
1112 672 1187 735 ,nec
1212 650 1293 720 ideo
1318 657 1439 721 tamen

392 763 608 856 baptismum
626 761 682 832 vel
700 785 770 833 non
788 763 931 845 habent,
949 762 1005 833 vel
1023 786 1093 832 non
1112 765 1267 835 tradunt.

442 878 582 949 Natalis
615 880 661 949 ab
692 877 768 949 Oea
797 879 909 949 dixit:
939 876 1027 949 Tam
1057 901 1116 975 epo
1141 901 1304 971 prasente
1335 887 1560 973 pneumon-m·

391 993 580 1089 Pompeius
603 993 831 1077 Sabratensis,
849 1018 950 1089 mmm
978 994 1080 1065 etiem
1106 991 1223 1089 Diope
1243 992 1439 1092 Leptimoq·

391 1110 517 1192 notem,
535 1111 597 1206 qni
612 1109 700 1182 miti
719 1110 977 1194 mandaverunt,
995 1134 1136 1205 conpore
1161 1108 1297 1204 quidem
1322 1108 1439 1182 moene

391 1234 450 1309 ies,
463 1226 592 1319 spiritu
604 1237 801 1321 prensantes,
814 1250 985 1298 commane
1002 1225 1095 1321 qnod
1108 1235 1140 1296 et
1158 1224 1292 1323 collepce
1308 1228 1419 1297 nostri
1424 1250 1437 1306 ,·

392 1341 486 1436 quod
500 1340 654 1413 haeretici
670 1344 1006 1415 communicationem
1030 1338 1152 1411 labem
1173 1339 1343 1411 nobiscum
1367 1365 1437 1413 non

385 1466 542 1552 possam,
559 1459 631 1530 nisi
647 1458 871 1530 ecclesiastico
887 1456 1054 1552 baptismo
1070 1454 1394 1551 baptizotisnerint.

443 1574 819 1658 communicationem,
836 1575 951 1657 credo,
969 1596 1048 1643 eam
1071 1573 1165 1656 dicit,
1184 1597 1265 1665 quae
1284 1576 1437 1666 pertinet

391 1689 437 1760 ad
450 1687 622 1760 columbae
635 1691 861 1761 societatem:
887 1713 970 1760 nam
987 1690 1024 1758 in
1041 1691 1310 1781 participatione
1325 1712 1438 1761 sacra-

392 1813 593 1876 mentorum
606 1806 728 1899 procul
741 1806 848 1877 dubio
862 1805 1171 1876 communicabant
1184 1808 1244 1887 eis,
1259 1806 1437 1877 neminem

384 1920 597 2010 judicantes,
610 1946 676 1992 noc
692 1922 805 2013 ajune
822 1923 1079 1993 communionis
1096 1921 1259 2013 aliquem,
1277 1923 1306 1991 si
1324 1922 1438 1993 diver·

390 2057 471 2106 sum
488 2039 645 2120 sentiret,
658 2046 874 2108 amoventes.
906 2038 978 2108 Sed
997 2036 1156 2129 quolibet
1172 2036 1279 2106 modo
1297 2019 1437 2121 direrit,

390 2175 464 2221 non
487 2174 701 2247 magnopere
727 2154 834 2224 verba
858 2153 936 2225 haec
962 2152 1154 2223 refellenda
1180 2161 1273 2223 sunt.
1330 2152 1438 2225 Certe

391 2268 486 2338 enim
510 2272 597 2339 ‘non
624 2270 863 2340 communicet
887 2268 1083 2352 hereticus,
1109 2269 1175 2339 nisi
1201 2268 1438 2339 ecclesiastiae

393 2385 566 2476 baptismo
583 2386 792 2478 baptizatus.
844 2384 993 2456 Constat
1016 2394 1136 2455 autern
1160 2384 1438 2455 ecclesiasticum

390 2523 468 2570 esse
492 2502 707 2594 baptismum
732 2504 840 2572 etiam
864 2503 957 2594 apud
984 2501 1167 2572 haereticos
1184 2501 1299 2571 verbis
1321 2498 1439 2572 Evau-

389 2615 511 2710 gelicis
534 2627 796 2690 consecratum:
823 2620 915 2689 sicut
939 2619 1055 2710 ipsum
1075 2617 1306 2710 Evangelium
1324 2617 1438 2688 eccle-

389 2732 568 2803 siasticum
587 2742 736 2814 estnec
761 2735 805 2804 ad
831 2756 953 2804 eornm
980 2734 1135 2826 pertinet
1156 2734 1436 2825 perversitatem,

388 2849 450 2917 sed
470 2850 593 2940 utique
610 2873 709 2920 suam
730 2851 862 2921 retinet
878 2851 1136 2920 usetnctitatem.

438 2963 568 3034 Junius
585 2988 606 3035 a
623 2966 773 3059 Neapoli
792 2967 904 3036 dixit:
930 2964 987 3036 Ab
1004 2989 1053 3049 eo,
1072 2963 1164 3060 qnod
1181 2961 1285 3035 semel
1304 2964 1556 3050 conuictam.

389 3102 473 3161 mm,
491 3103 560 3151 non
576 3080 705 3164 recedo,
726 3091 764 3153 ot
788 3079 964 3152 hereticos
989 3080 1156 3153 eenientee
1181 3079 1229 3151 nd
1242 3078 1435 3152 Ecclesiam

387 3191 606 3289 baptizemus.

438 3310 512 3382 Hic
534 3314 617 3405 qnia
637 3313 770 3384 nullam
787 3314 961 3383 rationem
979 3313 1037 3382 vel
1055 3314 1297 3383 testimonium
1317 3312 1434 3407 Scrip-

386 3436 544 3499 turarum
563 3429 704 3513 adtulit,
722 3430 782 3500 diu
800 3452 864 3500 nos
881 3440 1003 3499 tenere
1019 3452 1089 3498 non
1108 3428 1226 3498 debet.

437 3543 632 3638 Cyprianus
653 3570 675 3616 a
696 3545 910 3637 Carthagine
940 3545 1054 3615 dixit:
1080 3542 1199 3614 Meam
1229 3543 1553 3627 sententiomcn.49.

381 3660 581 3756 ponteclem
597 3661 762 3755 cnpnimit
778 3659 929 3755 epistola,
948 3684 1025 3755 qma
1040 3658 1088 3729 od
1101 3656 1316 3729 anoionam
1335 3658 1432 3731 colle-

381 3803 462 3874 pom
480 3787 634 3849 nostram
650 3779 780 3872 accipio
796 3786 845 3848 est
854 3801 866 3856 ,·
886 3773 1063 3847 hereticos
1079 3776 1263 3847 secundnm
1275 3774 1433 3874 Eoonpe-

385 3894 488 3966 licam
498 3902 529 3965 et
539 3894 572 3964 Α
571 3891 772 3989 postolicom
784 3893 1056 3964 contestationem
1067 3891 1283 3963 adversarios
1295 3889 1431 3965 Christi

386 4023 417 4083 et
442 4011 661 4083 antichristos
686 4009 878 4106 appellatos,
897 4009 1034 4105 qnando
1059 4007 1106 4077 od
1120 4006 1311 4078 Ecclesiam
1334 4031 1432 4078 oene-

386 4129 468 4210 rint,
484 4129 583 4199 unico
600 4126 765 4198 Ecclesia
781 4125 946 4220 baptismo
963 4122 1186 4219 baptizandos
1203 4148 1281 4206 esse,
1301 4132 1337 4193 nt
1347 4147 1429 4217 pos-

628 4328 639 4368 t
654 4326 833 4383 corbeiensis
847 4326 911 4382 cod.
927 4344 990 4380 num
1004 4325 1187 4380 communicet.

624 4434 640 4464 ¹¹
655 4424 751 4479 Plures
766 4421 855 4479 MSS.
869 4422 1022 4478 sanitatem.
