3900 5167
532 443 574 505 18
901 445 1205 509 ARCHELAUS.

531 613 711 700 sphalmata
724 614 869 701 plurima,
886 637 955 701 quae
971 616 1038 680 sine
1057 617 1189 681 alterius
1203 615 1319 681 codicis
1333 636 1394 699 opo
1407 613 1572 678 emendare

530 715 738 800 periculosum
762 726 911 781 conatum
933 740 1013 791 esse,
1037 719 1136 803 probe
1164 718 1278 789 sciunt,
1303 716 1357 800 qui
1381 716 1414 779 in
1441 714 1572 779 vetustis

531 816 658 901 scriptis
677 818 807 882 edendis
826 829 1031 904 occupantur.
1077 821 1139 884 Sed
1159 820 1294 883 sortasse
1315 819 1374 881 hoo
1394 838 1484 902 opus,
1506 814 1573 878 Deo

531 919 639 990 dante,
655 922 826 985 correctius
841 925 991 986 recudere
1005 923 1054 986 fas
1068 923 1130 987 erit
1145 944 1216 986 cum
1236 921 1306 985 aliis
1320 936 1464 984 veterum
1478 917 1574 1001 scrip

531 1029 637 1086 torum
666 1022 817 1087 adversus
847 1024 1045 1088 Manichoeos
1080 1023 1351 1088 lucubrationibus
1383 1023 1425 1086 ad
1458 1021 1574 1085 calcem

533 1133 650 1188 nostrae
665 1124 916 1189 Manichaeorum
937 1127 1091 1204 historiae,
1111 1127 1136 1190 si
1157 1127 1285 1211 aliquod
1309 1124 1395 1189 aliud
1414 1123 1576 1207 exemplar

531 1226 616 1289 inter
629 1225 827 1291 lustrandum
847 1227 1108 1291 bibliothecarum
1131 1236 1312 1290 nostrarum
1332 1225 1451 1289 loculos
1466 1243 1574 1288 occur-

531 1341 594 1404 rat,
613 1339 671 1394 aut
690 1331 722 1392 in
741 1330 812 1394 aliis
832 1333 970 1415 Europae
991 1330 1188 1394 bibliothecis
1206 1336 1377 1412 repertum,
1394 1327 1471 1389 mihi
1492 1345 1571 1390 com·

532 1432 700 1510 manicare,
716 1433 858 1497 eruditos
874 1434 956 1497 viros
970 1453 1034 1496 non
1049 1434 1167 1518 pigeat.

575 1533 735 1598 Caetcrum
757 1558 907 1620 magnum
929 1559 968 1599 cx
994 1535 1141 1599 Archelai
1164 1534 1265 1597 nostri
1285 1533 1389 1596 uerbis
1411 1528 1574 1594 catholica

528 1633 605 1698 fidei
631 1634 811 1720 praesidium
838 1645 935 1720 atque
961 1645 1183 1701 ornamentum
1212 1634 1343 1699 accedit·
1390 1631 1474 1694 Nam
1500 1630 1573 1692 dum

533 1738 675 1803 Manetis
697 1738 841 1803 haeresim
863 1738 1063 1804 validissimis
1084 1737 1280 1824 argumentis
1302 1743 1477 1821 oppugnat,
1495 1733 1574 1818 ejus

532 1862 594 1925 que
619 1838 770 1925 originem
800 1849 897 1926 atque
923 1844 1119 1906 incrementa
1148 1849 1359 1915 consectatur,
1388 1858 1451 1900 non
1481 1836 1574 1899 modo

531 1964 602 2006 eam
617 1943 759 2009 funditus
773 1944 938 2021 subvertit,
954 1954 988 2009 et
1003 1966 1098 2028 quam
1119 1944 1234 2027 impios
1254 1941 1402 2006 habuerit
1417 1945 1573 2010 auctores,

532 2045 691 2122 ostendit3
713 2046 768 2109 sed
789 2053 822 2110 et
841 2047 991 2132 pleraque
1011 2046 1239 2111 catholicorum
1259 2044 1412 2129 dogmata
1434 2041 1574 2105 illustrat

531 2153 629 2233 atque
643 2149 819 2212 confirmat.
865 2147 1004 2233 Elegans
1018 2156 1068 2213 est
1082 2149 1166 2213 inter
1186 2148 1249 2211 alia
1268 2147 1355 2211 locus
1370 2147 1410 2209 de
1427 2144 1576 2209 instituta

531 2251 574 2314 ab
589 2250 764 2334 Apostolis,
779 2272 874 2335 quam
894 2273 994 2335 usque
1015 2272 1097 2315 nunc
1113 2271 1283 2323 servamus,
1299 2248 1436 2312 ecclesiae
1457 2246 1575 2309 hierar·

532 2352 613 2429 chia,
627 2353 713 2417 hisce
727 2353 830 2417 verbis
845 2354 876 2417 in
892 2377 961 2438 cap.
972 2354 1004 2418 li.
1020 2362 1200 2438 conceptus,
1218 2352 1281 2415 Sed
1293 2361 1321 2415 et
1334 2349 1461 2436 optimos
1476 2347 1576 2413 orchi-

531 2464 617 2519 tectca
628 2457 656 2519 ei
661 2456 900 2539 fundamentum
915 2466 1058 2532 noctram,
1074 2456 1111 2519 ld
1123 2465 1172 2532 est,
1185 2455 1321 2530 mecm,
1333 2451 1455 2516 Paulas
1462 2450 1576 2536 posuit,

531 2570 559 2624 et
581 2559 669 2645 legem
691 2560 834 2637 tradidit,
854 2559 1006 2623 ordiemtis
1027 2558 1189 2634 michtam,
1209 2567 1236 2621 ct
1251 2554 1444 2641 presbytera,
1467 2563 1495 2616 et
1515 2554 1577 2637 epi-

531 2662 635 2746 scopis,
651 2662 685 2724 ia
699 2684 734 2726 ea
749 2660 913 2725 describens
929 2683 991 2746 per
1005 2661 1069 2724 hcc
1083 2660 1212 2745 tippula,
1228 2681 1285 2744 qao
1303 2658 1388 2721 modo
1402 2666 1431 2720 ot
1445 2655 1579 2741 qualitor

530 2774 663 2851 opomect
688 2765 841 2828 ministros
862 2764 933 2841 Dei,
960 2762 1062 2848 quoles
1087 2772 1115 2826 et
1140 2762 1271 2847 qualiter
1287 2760 1364 2842 fieri
1380 2756 1577 2844 presbytera,

531 2868 686 2955 qualesque
701 2889 759 2931 esse
772 2865 903 2944 ιίώεαηι,
919 2867 973 2952 qui
988 2867 1189 2951 episcopatum
1203 2863 1462 2947 desiderentque
1475 2860 1579 2923 oracio

532 2971 600 3035 bene
629 2971 711 3035 aoth
738 2983 766 3037 et
795 2981 870 3035 recte
894 2969 1050 3055 despectio,
1082 2989 1174 3054 usqae
1203 2968 1237 3030 ia
1262 2966 1438 3029 Mutuum
1465 2972 1579 3026 actam

530 3095 618 3139 crtum
641 3074 818 3152 costodiunt,
839 3084 866 3137 et
882 3082 1044 3159 pmmoaet
1065 3071 1152 3155 apud
1172 3091 1223 3132 aas
1245 3068 1333 3152 lupas
1354 3067 1466 3152 repeto
1487 3066 1580 3129 disci-

527 3178 630 3263 plina.
676 3176 837 3240 Palmaria
853 3198 976 3261 quoque
999 3182 1073 3237 sunt
1094 3173 1126 3237 in
1144 3172 1230 3235 hisce
1247 3171 1341 3235 Actis
1359 3170 1438 3245 loca,
1458 3169 1490 3231 in
1510 3169 1580 3252 qui·

532 3281 592 3344 bus
607 3280 736 3343 humani
751 3278 875 3343 arbitrii
893 3278 1025 3342 libertas
1040 3277 1190 3340 adversus
1206 3274 1396 3337 recentiores
1410 3271 1580 3335 haereticos

533 3385 720 3461 adstruitur,
737 3390 773 3447 ut
789 3382 894 3446 videre
909 3389 959 3445 est
974 3403 1043 3463 cap.
1058 3402 1108 3443 xv.
1121 3386 1154 3443 et
1170 3378 1234 3441 xix.
1272 3371 1489 3441 Pulcherrima
1503 3381 1579 3439 sunt

533 3490 732 3572 maximeque
747 3487 888 3551 notanda
903 3485 999 3548 verba
1012 3483 1066 3547 illa
1081 3504 1149 3566 cap.
1163 3480 1261 3545 xxxii.
1278 3480 1331 3543 ubi
1347 3479 1391 3542 sic
1405 3478 1470 3541 ait:
1495 3479 1580 3543 Dea

532 3594 612 3657 mim
626 3592 736 3667 onmia,
752 3589 914 3675 quoesecit,
931 3586 1006 3650 bona
1021 3585 1109 3650 oeldo
1116 3584 1203 3669 fecit,
1219 3581 1309 3647 liberi
1323 3580 1450 3645 arbitrii
1463 3600 1581 3643 sauma

533 3696 693 3779 unicuique
707 3694 798 3769 dedit,
814 3714 876 3777 quo
891 3691 1009 3754 ratium
1023 3690 1114 3753 etiam
1128 3688 1216 3771 lcqem
1224 3686 1342 3770 judicii
1349 3684 1462 3770 poem.
1500 3685 1580 3748 Pec-

532 3807 756 3864 caradochum
777 3806 825 3873 est,
845 3804 878 3857 at
898 3803 998 3856 cutem
1018 3813 1077 3854 acre
1093 3810 1248 3875 peccemus
1269 3788 1333 3852 Dei
1350 3787 1460 3849 donum
1479 3796 1529 3862 cst,
1545 3808 1581 3850 sa

533 3922 565 3965 eo
588 3900 668 3986 qaod
691 3900 725 3962 ia
746 3907 845 3960 codro
866 3896 906 3958 ait
930 3892 1060 3957 arbitrio
1081 3891 1270 3955 constitutum
1288 3908 1424 3972 mesore,
1450 3884 1499 3949 vel
1520 3907 1581 3949 aea

527 4025 652 4090 peccare
666 4005 720 4077 dfe.
765 4001 808 4063 Et
829 4008 904 4063 certe
918 3997 972 4082 qui
991 3995 1148 4071 coluerint,
1169 3992 1326 4056 obserocat
1345 3988 1501 4064 mendcio,
1526 3987 1580 4073 qai

533 4129 600 4171 cero
622 4102 857 4189 contempserint,
871 4111 898 4164 ct
919 4101 954 4163 ia
970 4119 1146 4184 percorum
1161 4093 1386 4168 declinaverint,
1402 4092 1466 4155 siae
1488 4090 1580 4155 dabie

534 4210 622 4294 leqem
640 4207 758 4291 judicii
779 4207 892 4290 serent.
946 4203 1162 4266 Romanarum
1195 4218 1320 4283 quoque
1349 4192 1580 4277 antiquitatum

536 4310 670 4375 studiosi
693 4310 784 4395 plura
799 4310 830 4371 in
853 4310 913 4372 hoc
931 4328 1026 4392 opere
1048 4303 1207 4368 invenient
1230 4300 1310 4365 scitu
1332 4298 1419 4363 haud
1439 4295 1579 4381 indigna,

536 4436 668 4499 quorum
691 4414 841 4499 pleraque
863 4410 1007 4495 superius
1022 4403 1345 4477 commemoravimus,
1360 4400 1415 4464 ubi
1435 4398 1475 4462 de
1495 4398 1578 4483 ejus·
