3900 5167
820 454 1124 520 ARCHELAUS.
1453 449 1496 512 le

450 624 707 689 Eoolesiastioam
730 623 908 688 Historiam
931 623 1079 699 absolvit,
1101 630 1135 686 et
1158 644 1197 685 ea
1220 621 1334 697 omnia,
1360 642 1429 705 quae
1455 619 1496 685 de

451 726 705 790 Maniohaeorum
719 725 831 788 baeresi
847 724 1000 800 narravit,
1010 746 1044 787 se
1058 746 1097 787 ex
1113 724 1229 786 eisdem
1246 722 1340 787 Aetia
1354 722 1497 785 hausisse

452 830 587 911 ingenue
608 827 730 891 latetur
748 826 802 888 lib.
818 826 838 889 i.
859 848 929 911 cap.
942 844 993 888 aa.
1041 824 1160 888 Eorum
1182 824 1319 908 insuper,
1342 831 1496 907 tanquam

451 930 494 992 ab
509 927 710 1013 Hegemonio
724 927 861 1010 quodam
877 928 1079 1011 soriptorum,
1095 925 1285 989 mentionem
1301 925 1378 988 faoit
1391 926 1496 988 Hera·

452 1031 574 1094 olianus
602 1028 866 1093 Chalcedonensis
891 1029 1065 1113 episcopus,
1096 1037 1133 1092 ut
1162 1048 1259 1111 supra
1285 1026 1408 1090 dietum
1436 1034 1495 1090 est.
1543 1071 1552 1086 .

453 1133 598 1216 Denique
614 1132 764 1195 Archelai
785 1131 884 1195 nostri
904 1151 1036 1215 operum
1054 1129 1268 1215 fragmentum
1286 1127 1441 1192 oontineri
1463 1127 1496 1190 in

452 1235 552 1299 veteri
569 1235 692 1299 osana
713 1234 897 1298 Graaoomm
918 1232 1053 1296 Patr-um
1073 1231 1106 1294 in
1123 1230 1328 1315 Evangelium
1349 1228 1496 1305 loannis,

453 1358 524 1420 qna
542 1336 680 1399 habetur
697 1335 732 1398 in
751 1335 871 1418 seripto
885 1334 1039 1398 Qsareae
1057 1331 1258 1397 bibliotheoae
1273 1331 1388 1408 redies,
1404 1330 1498 1394 testis

454 1446 505 1503 est
521 1435 711 1500 Lambeoius
724 1435 778 1499 lib.
791 1435 834 1499 iii.
850 1434 974 1499 Comm.
990 1436 1032 1498 de
1050 1434 1162 1497 eadem
1181 1433 1373 1496 bibliotheoa
1390 1432 1499 1496 oodioe

455 1563 503 1602 xa.
528 1538 612 1623 quod
634 1537 745 1621 utique
766 1559 806 1601 ex
829 1538 923 1622 hujus
947 1535 1171 1620 disputationis
1193 1534 1275 1598 aetia
1295 1535 1497 1615 desumptum

452 1640 551 1704 fuisse
565 1661 628 1703 non
643 1640 763 1703 dubito.
786 1639 873 1724 [Vid.
891 1637 1010 1701 oaloem
1025 1637 1196 1721 Aaronem]

498 1743 661 1805 Praeterea
677 1762 717 1804 ex
732 1740 903 1804 eorundem
921 1739 1078 1801 Aetorum
1093 1744 1185 1801 textu
1203 1738 1291 1800 varia
1310 1743 1500 1821 argumente

455 1843 521 1907 erui
539 1850 684 1927 possunt,
700 1842 813 1926 quibus
827 1860 937 1905 eornm
950 1839 1127 1923 antiquitas
1145 1847 1242 1922 atque
1257 1839 1430 1923 synoeritas
1444 1839 1498 1902 de-

455 1952 662 2009 monstratur.
678 1943 855 2007 Archelaus
864 1942 948 2006 enim
958 1964 1028 2026 oap.
1038 1942 1170 2005 xxviiet
1180 1942 1309 2005 xxxviii.
1323 1942 1426 2006 varios
1435 1942 1499 2005 hae-

456 2047 574 2111 retioos
589 2065 786 2122 enumerans,
802 2044 960 2107 neminem
975 2042 1113 2107 Sabellio
1127 2044 1333 2108 reoentiorem
1348 2043 1497 2128 appellat,

456 2169 549 2234 quem
560 2146 643 2211 Sixti
655 2145 699 2208 ΙΙ.
712 2145 917 2229 temporibus,
927 2144 981 2229 qui
991 2166 1075 2208 anno
1086 2144 1204 2210 Christi
1217 2169 1322 2209 oonvn.
1333 2152 1366 2210 et
1380 2167 1497 2209 ocnvnr.

456 2250 634 2314 Romanam
655 2247 820 2312 eoelesiam
842 2247 935 2323 rexit,
950 2268 971 2311 a
992 2246 1147 2332 Dionysio
1163 2248 1381 2313 Alexandrino
1400 2249 1499 2313 heere-

457 2373 528 2415 seos
556 2359 740 2415 aoousatum
770 2349 866 2413 luisse
896 2355 1024 2413 oonstat
1052 2371 1093 2412 ex
1126 2349 1265 2414 Eusebio
1290 2351 1322 2414 in
1352 2350 1500 2415 Historia

458 2452 682 2516 Eoolesiastioa
712 2450 784 2514 libri
818 2450 944 2536 septimi
976 2451 1082 2535 eapite
1104 2454 1135 2513 6.
1191 2450 1341 2516 Meminit
1374 2472 1500 2535 quoque

457 2552 629 2618 obsidionis
659 2551 844 2628 Camarum,
873 2552 922 2616 oui
951 2560 1141 2637 praesentem
1172 2575 1205 2616 se
1235 2553 1331 2617 luisse
1359 2561 1501 2617 testatur

459 2676 524 2739 oap.
540 2656 626 2718 xxiv.
642 2676 713 2738 quae
728 2654 814 2718 nulla
828 2654 891 2717 alia
905 2654 1031 2718 videtur
1045 2676 1113 2718 esse
1128 2676 1231 2737 posse,
1243 2676 1338 2738 quam
1353 2654 1416 2730 illa,
1429 2676 1501 2738 quse

458 2758 516 2820 sub
536 2755 705 2820 Valeriam
726 2757 874 2840 Augusto
893 2755 1040 2840 contigit,
1057 2778 1128 2819 oum
1148 2757 1267 2821 soilioet
1281 2778 1301 2820 a
1317 2755 1424 2820 Persis
1444 2778 1499 2820 ex·

458 2866 600 2943 pugnata
624 2858 705 2934 suit3
737 2858 784 2922 vel
810 2858 874 2922 alia
899 2859 958 2920 sub
984 2857 1140 2935 Gallieno,
1167 2880 1238 2922 oum
1263 2859 1306 2922 ab
1331 2858 1502 2923 Odenatbo

459 2960 599 3023 Orientis
620 2981 695 3044 rege
717 2960 824 3023 Persis
845 2966 957 3043 erepta
981 2959 1012 3022 in
1039 2959 1174 3023 Romani
1200 2960 1322 3045 imperii
1348 2960 1501 3024 ditionem

459 3060 572 3125 iterum
594 3061 726 3124 redacta
748 3060 818 3138 suit,
840 3060 997 3124 Trebellio
1021 3061 1163 3124 Pollione
1188 3068 1272 3126 teste
1297 3060 1331 3125 in
1357 3061 1502 3125 Gallieno

460 3184 527 3248 oap.
544 3186 576 3227 x.
599 3171 633 3226 et
654 3162 708 3226 xii.
757 3163 876 3226 Eorum
900 3163 1030 3247 insuper
1055 3164 1246 3228 mentionem
1272 3164 1348 3228 facit
1375 3185 1443 3247 oap.
1459 3162 1501 3227 lii.

461 3266 511 3348 qni
533 3286 591 3348 per
609 3272 777 3350 parentum
791 3265 997 3330 traditionem
1018 3264 1181 3350 Scytbiani
1201 3265 1341 3331 haeretioi
1361 3269 1503 3350 Aposto

460 3365 561 3429 lorum
573 3366 770 3451 temporibus
781 3367 914 3431 viventis
927 3366 1076 3431 notitiam
1092 3368 1279 3445 habuerant,
1291 3368 1412 3451 sibique
1426 3388 1504 3430 non-

462 3468 547 3531 nulla
564 3468 605 3530 de
627 3467 695 3550 ejus
716 3468 827 3532 heresi
849 3476 1067 3533 narraverant.
1113 3470 1196 3551 Quin
1221 3477 1254 3535 et
1276 3469 1354 3534 varii
1379 3469 1503 3553 antiqui

463 3588 575 3639 mores,
594 3567 627 3631 in
646 3568 732 3631 hisee
753 3569 847 3633 Artis
862 3569 1040 3647 memorati,
1056 3571 1096 3633 de
1114 3572 1297 3635 eorumdem
1311 3569 1504 3655 synoeritate

462 3690 517 3733 noa
532 3670 681 3733 dubitare
700 3692 762 3733 non
784 3672 902 3734 sinunt.
947 3670 1035 3734 Nam
1055 3672 1086 3735 in
1108 3673 1176 3756 ipso
1197 3675 1353 3738 Actorum
1373 3672 1504 3736 exordio

464 3770 578 3834 dieitur
592 3771 758 3835 nonnullos
772 3794 811 3836 ex
827 3772 1043 3836 Romanarum
1059 3773 1216 3857 legionum
1236 3775 1397 3851 militibus,
1416 3774 1505 3838 Mar-

464 3871 529 3935 oelli
544 3872 767 3936 misericordiae
782 3874 926 3958 exemplo
941 3882 1128 3952 commotos,
1145 3877 1288 3961 deposito
1304 3875 1425 3939 militia
1440 3875 1505 3939 oin-

464 3973 545 4056 gulo,
569 3973 757 4038 Christiana
778 3975 851 4039 fidei
874 3997 987 4039 nomen
1012 3977 1145 4053 dedisse,
1170 3979 1253 4061 quod
1278 3976 1506 4062 antiquissimis

465 4072 601 4136 eoolesiae
615 4075 811 4158 temporibus
825 4097 845 4139 a
859 4076 1049 4140 Christianis
1062 4076 1225 4153 militibus,
1241 4098 1281 4139 ne
1301 4077 1505 4160 Paganorum

467 4174 659 4249 commercio,
672 4183 705 4239 et
719 4177 997 4259 superstitionibus
1012 4179 1256 4256 macularentur,
1267 4179 1387 4243 sactum
1398 4177 1503 4252 fuisse,

468 4275 555 4339 testis
569 4287 617 4340 est
639 4277 852 4341 Tertullianus
867 4280 906 4342 de
926 4280 1052 4344 Corona
1071 4281 1181 4344 militis
1196 4302 1262 4364 oap.
1277 4281 1318 4343 xi.
1339 4280 1455 4363 aliique
1471 4280 1504 4342 in

469 4378 579 4441 nostris
601 4379 642 4441 ad
665 4400 736 4442 eum
759 4379 861 4443 lorum
885 4381 970 4444 notis
989 4382 1120 4446 laudati.
1168 4382 1357 4446 Marcellum
1379 4404 1507 4466 quoque
