3900 5167
523 453 589 516 214
889 454 921 516 S.
938 451 1210 516 AUGUSTINI

524 623 702 716 plurimos,
720 632 759 695 et
770 620 953 717 'apostolus
971 624 1103 696 Paulus
1120 633 1159 695 et
1176 626 1360 718 episcopus
1377 624 1567 718 Cyprianus

524 741 633 810 etiam
651 741 746 810 intus
762 762 838 810 esse
854 749 1044 811 testantur.
1097 739 1172 811 Cur
1188 762 1272 834 ergo
1289 741 1348 810 isti
1365 740 1567 833 baptizanti

524 855 599 925 Cur
623 853 732 924 etiam
759 855 901 945 quidam
929 856 990 945 qui
1018 855 1145 926 saeculo
1165 854 1280 926 verbis
1306 862 1345 924 et
1372 877 1444 925 nou
1473 855 1568 926 aeas

525 969 738 1050 renuntiant,
755 969 800 1038 ab
817 969 1019 1059 hujusmodi
1035 969 1192 1039 moribus
1214 989 1286 1037 non
1308 960 1442 1036 mutati
1460 967 1569 1059 bapti-

525 1094 661 1167 zantur,
678 1093 716 1155 et
733 1085 872 1175 quando
889 1092 1074 1155 mutantur
1089 1108 1160 1154 uon
1177 1082 1466 1174 rebaptizantur?
1490 1081 1568 1154 Jam

526 1222 610 1269 vero
630 1199 723 1290 quod
747 1199 951 1292 indignatur
976 1208 1013 1269 et
1039 1200 1135 1281 dicit,
1152 1197 1243 1269 Ecce
1259 1196 1307 1267 ad
1322 1195 1441 1290 qualia
1457 1196 1569 1268 Eccle-

525 1312 580 1383 sia
597 1314 730 1409 copitar
746 1313 946 1397 consentire,
964 1322 997 1383 et
1018 1314 1093 1383 sine
1114 1311 1280 1406 baptismo
1297 1320 1329 1383 et
1349 1313 1451 1383 venia
1472 1310 1569 1383 delic-

527 1438 638 1499 tmmm
669 1429 918 1499 communicare
947 1426 1181 1521 compellitur.-
1217 1430 1283 1499 uisi
1314 1437 1434 1499 essent
1464 1430 1565 1499 ceteri

526 1541 679 1632 episcopi
698 1540 759 1631 qui
783 1539 870 1609 alios
897 1541 941 1610 ad
968 1541 1037 1609 ista
1063 1540 1324 1632 compellerent,
1350 1564 1421 1610 non
1448 1542 1568 1632 utique

525 1654 600 1726 haec
633 1655 777 1725 diceret.
841 1654 948 1725 Unde
982 1656 1090 1726 etiam
1131 1655 1337 1738 ostenditur,
1373 1654 1454 1727 ilios
1487 1665 1568 1726 tunc

399 1772 402 1776 ’
526 1770 662 1839 veriora
678 1770 836 1853 sensisse,
853 1770 915 1860 qui
940 1791 1013 1839 non
1038 1776 1257 1839 recesserunt
1279 1791 1301 1837 a
1323 1769 1472 1860 pristina
1492 1791 1569 1839 con·

527 1884 725 1966 suetudine,
748 1906 825 1974 quae
853 1891 977 1975 postea
1006 1881 1145 1952 concilii
1174 1881 1404 1952 universitate
1434 1883 1569 1953 firmata

527 2008 593 2068 eat.
644 1999 740 2082 Quid
765 2007 820 2069 est
845 2006 966 2068 autem
993 1997 1086 2088 quod
1112 1998 1272 2090 adjungit
1288 2006 1326 2067 et
1343 1998 1441 2079 dicit,
1461 1997 1568 2087 &mm

526 2136 609 2196 rem
616 2111 765 2207 fratres,
772 2111 901 2208 sapere
917 2136 958 2183 ac
977 2113 1087 2182 citare
1110 2110 1273 2194 amemus,
1290 2121 1322 2183 et
1343 2136 1366 2183 a
1388 2122 1484 2185 tanto
1505 2136 1568 2184 sce-

525 2224 595 2297 lere
612 2250 673 2296 nos
688 2226 882 2320 separare?
919 2226 956 2295 Si
976 2226 1071 2295 enim
1088 2226 1156 2296 hoc
1176 2228 1227 2296 ita
1243 2226 1339 2309 dicit,
1358 2235 1400 2297 ut
1416 2229 1486 2298 ista
1501 2249 1567 2298 non

526 2340 632 2411 faciat
649 2364 714 2412 nec
731 2341 912 2433 approbet,
929 2341 999 2411 alia
1015 2363 1070 2411 res
1088 2349 1162 2411 est:
1188 2343 1216 2411 si
1238 2349 1358 2411 autem
1376 2351 1418 2413 ut
1437 2343 1567 2414 diversa

526 2457 881 2527 sentientes'damnet
898 2465 935 2527 et
953 2464 1125 2549 segreget,
1136 2451 1330 2547 dprioribus
1346 2459 1480 2528 resistit
1497 2481 1569 2528 ver·

526 2571 581 2641 bis
598 2572 773 2666 Cypriani,
798 2572 925 2664 quibus
953 2574 1014 2655 ait,
1032 2571 1211 2643 Neminem
1227 2571 1437 2663 judicantes,
1464 2584 1567 2645 anta

516 2685 601 2779 jare
624 2685 871 2757 communionis
893 2684 1040 2780 aliquem
1066 2688 1099 2756 si
1123 2685 1292 2757 diuersam
1319 2690 1465 2760 senserit
1480 2712 1567 2760 amo

526 2812 646 2872 ventes.

366 2935 432 2984 cnr.
446 2951 470 3000 9.
583 2918 738 3003 (Primus
770 2917 871 2986 Felix
906 2941 927 2986 a
955 2918 1110 3010 Migirpa
1135 2920 1244 2988 dixit:
1280 2918 1409 2992 Cuneo
1439 2906 1568 2990 omnam

526 3030 695 3101 hominem
714 3031 754 3101 ab
772 3031 896 3102 heresi
913 3033 1096 3103 cernicatam
1114 3032 1367 3127 baptizandam.
1419 3034 1568 3105 Frustra

526 3148 616 3216 enim
636 3145 707 3215 illic
719 3156 819 3239 patet
838 3172 874 3216 se
896 3171 966 3217 csse
982 3146 1201 3240 baptizatam,
1220 3174 1322 3242 qaam
1341 3174 1410 3219 aon
1427 3151 1474 3220 sit
1491 3149 1569 3241 bap-

526 3262 638 3344 tisma,
658 3261 728 3330 nisi
751 3263 788 3330 in
805 3261 971 3345 Ecclesia,
990 3287 1095 3332 arcena
1122 3272 1153 3332 ct
1178 3288 1317 3334 uenam:
1346 3265 1428 3357 qnia
1450 3274 1481 3334 et
1498 3263 1570 3333 Do·

525 3377 639 3445 minas
660 3400 757 3458 micas,
776 3386 807 3446 et
821 3376 913 3469 fides
938 3400 1018 3458 nica,
1037 3387 1067 3446 ct
1093 3402 1162 3447 nna
1180 3377 1335 3448 Ecclesia
1360 3388 1419 3460 est,
1438 3379 1477 3446 in
1504 3401 1570 3470 qna

524 3500 591 3561 stat
608 3516 712 3561 ianam
730 3490 906 3585 baptisma,
925 3501 956 3561 ct
972 3493 1147 3576 sanctitas,
1165 3502 1196 3562 ct
1213 3502 1332 3562 cetera.
1381 3492 1475 3561 Nam
1496 3516 1570 3585 qam

512 3605 613 3702 sonis
630 3616 839 3689 enecccntm,
858 3606 989 3676 nuliam
1006 3607 1127 3677 laudem
1143 3607 1264 3678 salutis
1282 3607 1459 3704 effectuum.)

573 3722 633 3792 Ad
661 3746 704 3792 oa
730 3747 811 3814 quae
830 3722 932 3792 Felix
955 3746 976 3791 a
999 3724 1155 3816 Migirpa
1181 3725 1282 3806 dixit,
1302 3725 1373 3793 haeo
1400 3725 1568 3792 dicimus:

525 3837 563 3907 Si
581 3861 651 3907 non
669 3847 761 3907 esset
784 3838 959 3928 baptisma
981 3861 1092 3905 unum
1111 3847 1148 3905 et
1167 3860 1288 3906 verum
1306 3838 1371 3905 nisi
1391 3839 1425 3905 in
1447 3836 1569 3906 Eccle-

524 3953 584 4034 sia,
603 3976 672 4020 non
691 3953 814 4042 utique
833 3962 925 4020 esset
943 3953 979 4020 in
997 3953 1056 4031 eis,
1076 3953 1136 4041 qui
1154 3952 1198 4020 ab
1216 3954 1354 4020 unitate
1372 3951 1568 4022 discedunt.

525 4066 590 4136 Est
608 4077 728 4136 autem
752 4068 787 4135 in
806 4068 877 4149 cis;
902 4090 983 4135 nam
1011 4068 1045 4134 id
1073 4090 1140 4134 nou
1168 4068 1343 4158 recipiunt
1369 4067 1568 4145 redeuntes,

523 4205 593 4250 non
623 4182 668 4249 ob
699 4182 794 4250 aliud
826 4183 890 4250 nisi
922 4183 1005 4271 quia
1035 4204 1103 4250 non
1134 4183 1323 4251 amiserant
1353 4183 1566 4251 recedentes.

472 4349 474 4354 '
564 4341 578 4384 ἅ
594 4344 627 4399 In
643 4342 731 4399 MSS.
747 4352 800 4407 est,
811 4345 893 4417 prior
904 4344 1009 4398 resistit
1024 4344 1122 4400 serbis,
1167 4344 1227 4413 (Sic
1242 4353 1270 4399 et
1286 4345 1313 4399 in
1329 4345 1410 4399 meis.
1434 4345 1518 4411 Quod
1533 4343 1566 4398 ad

523 4459 642 4512 sequens
658 4441 825 4513 Suffrugium
844 4440 955 4504 attinet,
970 4440 1107 4494 adnotant
1123 4440 1308 4499 Benedictini.
1324 4442 1423 4497 abesse
1444 4442 1517 4497 istud
1533 4441 1564 4495 ab
