3900 5167
808 447 1118 516 ulsPUTATIO.
1443 450 1488 518 67

436 622 475 700 ἕν
492 628 577 718 εἶσι,
595 625 654 701 καὶ
672 620 713 702 τὸ
731 620 818 702 αι’πὸ
835 624 873 701 οἵ
886 656 925 701 τε
944 625 1167 724 Χριστιανοὶ,
1182 625 1242 700 καὶ
1260 627 1293 700 oi
1311 623 1485 718 Ἰουδαῖοι,

437 752 496 827 καὶ
515 755 550 828 oi
567 751 707 844 ἐθνικοὶ,
726 747 789 828 τὸν
807 748 915 827 αι’πὸν
934 746 1031 828 θεὸν
1044 750 1225 842 σε’βοντεο.
1265 751 1303 825 ἐν
1320 746 1393 849 γάρ
1410 755 1487 832 ταῖς

438 878 636 976 ἐπιθυμίαις
664 878 772 955 αὐτοῦ
798 874 961 981 ἐξαπατᾷ
990 873 1125 970 αὐτοὺς,
1154 876 1217 953 οάκ
1245 873 1296 952 ὧν
1320 876 1488 973 ἀληθείας·

438 1002 544 1085 θεός.
592 999 651 1080 διά
668 1008 774 1080 roim
792 1000 854 1079 cdv
872 998 955 1078 ὅσοι
983 1001 1036 1078 ἐπ’
1056 1001 1188 1078 ἐκεῖνον
1213 998 1397 1100 ἐλπίζουσι
1424 997 1488 1078 τὸν

438 1126 546 1222 Θεὸν,
564 1126 627 1206 τὸν
645 1123 734 1223 μετά
753 1126 942 1208 Medores
960 1122 1188 1223 λαλῆσαντα,
1208 1126 1266 1203 καὶ
1292 1131 1364 1202 τῶν
1383 1129 1483 1226 Προ·

439 1260 577 1359 persoir,
594 1254 668 1352 μετ’
689 1252 797 1330 αὐτοῦ
821 1251 947 1354 ἔχουσι
973 1255 1126 1349 δεθῆναι,
1150 1249 1204 1328 ὅτι
1234 1251 1297 1328 otis
1325 1248 1489 1347 ἤλπισαν

439 1382 497 1459 ἐπὶ
523 1379 588 1458 τὸν
614 1375 710 1458 θεὸν
733 1382 797 1475 τῆς·
826 1378 1008 1477 ἀληθείας·
1037 1380 1166 1460 ἐκεῖνος
1199 1374 1272 1477 γὰρ
1304 1374 1396 1455 κατὰ
1425 1376 1490 1460 τάν

438 1504 624 1603 ἐπιθυμίαι·
641 1505 759 1583 mirato
775 1503 936 1602 ἐλάλησε
954 1505 1029 1601 μετ’
1049 1505 1177 1582 αὐτῶν.
1211 1502 1301 1600 μετὰ
1315 1502 1354 1582 δὲ
1368 1502 1487 1583 πάντα

439 1638 552 1710 ταῦτα
569 1633 628 1710 ἐπὶ
644 1631 740 1709 τέλει
758 1630 865 1731 λέγει,
884 1628 1001 1712 eaeor
1020 1626 1126 1712 αὐτὸς
1144 1628 1314 1735 ἔγραψεν,
1330 1631 1349 1708 ὃ
1365 1634 1488 1731 Πρεσ-

439 1758 562 1859 βύτης,
581 1757 668 1838 ὅταν
686 1762 858 1862 προφανῇ
877 1758 986 1835 αὐτοῦ
1000 1754 1066 1853 τὴν
1085 1753 1211 1853 εἰκόνα,
1230 1754 1309 1836 τότε
1334 1758 1487 1856 ὁὩμο·

440 1882 554 1991 φόρος
571 1885 724 1991 ἀφίησιν
742 1883 812 1989 ἔξω
830 1881 896 1980 τὴν
914 1886 995 1983 γῆν,
1014 1885 1072 1960 καὶ
1094 1884 1206 1965 οὕτως
1224 1881 1419 1962 ἀπολύεται
1446 1881 1489 1963 τὸ

439 2011 534 2112 μέγα
550 2019 634 2113 πῦρ,
655 2014 714 2090 καί
732 2010 820 2090 ὅλον
838 2010 1026 2089 ἀναλίσκει
1045 2005 1108 2087 τὸν
1126 2006 1277 2107 κόσμον.
1322 2005 1397 2089 εἶτα
1412 2008 1486 2089 πά-

440 2258 538 2336 utque
560 2251 645 2315 idom
668 2256 743 2315 sunt
757 2248 942 2326 Christiani,
985 2248 1158 2312 secundum
1219 2248 1488 2333 concupiscentias

440 2342 474 2401 et
492 2337 517 2400 J
519 2336 613 2415 udaei,
634 2344 669 2399 et
691 2335 844 2409 *Gentes
868 2355 943 2398 eun·
985 2355 1058 2398 suos
1094 2334 1219 2398 locutus
1249 2341 1300 2398 ost
1330 2356 1402 2398 cum
1431 2336 1485 2400 eis.

440 2422 513 2487 dem
527 2421 633 2486 Deum
647 2421 805 2496 colentes;
826 2420 859 2483 in
871 2437 944 2483 oon·
986 2419 1067 2483 Post
1081 2420 1149 2484 haeo
1164 2441 1239 2483 vero
1254 2420 1361 2484 omnio
1378 2419 1420 2484 nd
1442 2422 1487 2484 ul-

440 2507 644 2593 cupiscontiis
660 2506 744 2570 enim
766 2506 831 2569 suis
852 2506 943 2569 sedu-
985 2504 1097 2568 timum
1138 2504 1226 2580 dicit,
1270 2505 1385 2569 msiout
1420 2506 1487 2590 ipse

440 2592 485 2658 cit
510 2614 575 2668 eos,
597 2591 672 2676 quio
693 2613 758 2655 non
782 2598 832 2655 est
856 2590 944 2654 Deus
985 2590 1122 2674 scripsit,
1153 2590 1258 2654 senior
1288 2612 1359 2655 oum
1389 2592 1488 2655 muni·

439 2678 593 2742 veritatis.
617 2678 756 2762 Propter
780 2675 842 2740 hoo
867 2697 944 2761 crgo
986 2675 1101 2739 festum
1134 2676 1245 2739 iecerit
1273 2675 1341 2761 ejus
1377 2676 1484 2761 imagi-

441 2762 619 2848 quicunque
651 2761 684 2825 in
721 2759 809 2825 illum
838 2760 944 2824 Deum
986 2782 1067 2833 nem,
1095 2768 1172 2825 tuno
1196 2760 1264 2845 ipse
1285 2760 1488 2861 Omophorus

440 2845 666 2933 ¹sperant,qui
682 2868 756 2911 cum
768 2846 882 2931 Moyse
896 2846 941 2909 lo·
986 2853 1079 2910 extro
1096 2868 1130 2910 se
1151 2853 1271 2910 terram
1287 2846 1488 2932 derelinquit,

440 2941 534 2999 cutus
548 2941 610 3010 est,
624 2939 658 2998 et
673 2931 854 3016 Prophetis,
870 2953 943 2995 oum
985 2938 1019 2995 et
1033 2931 1081 2995 ito
1096 2930 1270 2996 dimittitur
1285 2952 1418 3016 mugnus
1435 2933 1486 2997 ille

439 3019 508 3104 ἥρω
538 3018 659 3083 hubent
685 3017 816 3081 vinculis
844 3016 942 3093 trudi,
985 3016 1077 3101 ignis,
1108 3016 1162 3101 qui
1191 3019 1343 3080 mundum
1372 3038 1482 3082 consu·

441 3105 516 3189 quio
559 3125 623 3168 non
665 3110 873 3188 speraverunt
909 3103 942 3165 in
983 3110 1053 3166 mot
1067 3102 1265 3175 universum
1289 3103 1404 3166 deinde
1427 3103 1486 3169 ite·

440 3191 547 3255 Deum
577 3189 742 3262 veritatis;
777 3187 829 3252 ille
857 3188 942 3252 enim
983 3187 1485 3273 mmedimictuntanimamquae

479 3407 496 3452 ¹¹
511 3409 612 3467 Codex
627 3407 798 3472 casinensis,
812 3408 912 3464 Gentes
924 3426 1005 3464 usum
1015 3408 1111 3463 Deum.
1135 3405 1236 3463 Codex
1251 3415 1346 3465 cutem
1362 3409 1485 3467 Bobien-

439 3506 487 3573 sis,
504 3504 626 3562 Gentiles
645 3504 755 3559 ειιιιθειπ
774 3503 873 3566 Deum,
895 3520 979 3576 quam
994 3501 1155 3565 lectionem,
1179 3519 1305 3559 consono
1325 3522 1389 3560 cum
1411 3515 1487 3562 esset

439 3621 535 3678 grreoo
548 3601 624 3676 opud
638 3600 827 3675 Epiphanium
842 3599 943 3665 textui,
959 3617 1013 3655 nos
1026 3598 1202 3656 retinuimus.

478 3697 487 3741 ¹
502 3698 582 3756 Mslc
597 3698 696 3755 Codex
712 3694 870 3763 Bobiensis,
886 3696 952 3769 (for.
964 3695 1141 3766 casinensis)
1156 3705 1294 3771 superant.

479 3807 503 3839 Ν
530 3795 704 3859 Cusiuensis,
727 3802 755 3852 et
780 3793 929 3851 Bobieusis
950 3793 1063 3850 codices
1087 3791 1204 3857 hubent,
1226 3794 1296 3849 simet
1318 3794 1376 3869 ι’ρεε
1397 3796 1487 3852 senior

435 3894 559 3969 scripsit.
593 3893 658 3949 Cum
681 3891 863 3964 Mnifestum.
905 3891 946 3946 At
970 3908 1024 3946 nos
1048 3906 1084 3945 ex
1111 3886 1270 3962 Epiphanio
1298 3890 1380 3947 unius
1407 3892 1486 3949 vocis

435 3990 658 4065 transpositione
684 3988 779 4045 locum
806 3988 989 4045 restituimus.
1032 3985 1134 4043 Senior
1158 3995 1252 4043 cutem
1277 3986 1334 4051 ille,
1359 3988 1413 4044 hoc
1432 3998 1484 4053 est,

435 4086 626 4160 πρεσβύτερος,
640 4086 715 4141 idem
730 4103 791 4142 esse
806 4085 917 4141 videtur
931 4103 995 4140 cum
1011 4102 1056 4151 eo,
1071 4101 1154 4157 quem
1176 4082 1250 4138 infra
1270 4083 1409 4141 seniorem
1427 4093 1484 4142 ter-

434 4184 509 4241 tium
520 4192 612 4240 vocet.
650 4184 789 4240 Praeterea
803 4183 893 4239 codex
907 4182 1066 4247 Bobiensis,
1082 4200 1133 4256 pro
1138 4182 1254 4255 jecerit,
1269 4182 1354 4239 habet
1360 4184 1476 4257 jeceris.

481 4289 496 4321 ¹¹
515 4279 615 4336 Codex
631 4279 788 4343 Bobiensis,
804 4279 951 4335 dimittitur
964 4280 1063 4344 arinca,
1078 4296 1136 4353 quo
1156 4278 1226 4335 obici
1240 4296 1272 4334 or
1290 4281 1361 4335 iuter
1374 4281 1486 4338 medium

436 4380 500 4433 noui
519 4379 612 4435 seculi.
649 4378 749 4434 Graecu
770 4385 882 4442 sonant,
904 4377 997 4432 deiude
1018 4376 1114 4432 iterum
1130 4375 1234 4451 plebum
1253 4393 1319 4431 novo
1339 4395 1397 4433 oum
1415 4396 1489 4434 eone

933 4493 955 4531 K
973 4490 991 4535 2
