3900 5167
628 449 661 511 S.
685 449 970 514 SCRIPTURAE
996 452 1357 520 ANTE-NICAENA.
1446 458 1511 521 345

514 617 568 691 Τδ
599 619 780 708 σάββατον
804 623 907 700 τύπος
937 624 1010 694 ε’στὶ
1042 625 1093 694 καὶ
1123 625 1211 695 είκάν
1240 634 1298 708 τῆς
1326 629 1511 711 μελλούσης

464 737 637 825 βασιλείας
653 743 719 808 τῶν
734 738 847 831 άγίων,
865 739 952 819 ἡνίκα
970 741 1273 825 συμβασιλεύσουσι
1289 748 1337 833 τῷ
1353 742 1509 839 Χριστῷ,

463 854 726 949 ταραγινομένου
759 855 859 924 αὑτοῦ
887 855 942 924 ἆτ’
975 855 1123 953 οὐρανῶν,
1153 860 1193 934 ὡς
1220 855 1368 940 Ἰωάννης
1400 860 1432 928 ἐν
1465 864 1509 952 τῇ

463 967 702 1059 Ἀποκαλάψει
728 970 828 1039 αὐτοῦ
852 969 1024 1062 διηγεῖται.
1050 970 1235 1066 Integre.
1261 973 1298 1043 in
1314 971 1508 1055 Danielem,

463 1084 493 1180 ᾗ.
508 1095 543 1155 4.
561 1109 595 1178 p.
612 1089 696 1156 100.
715 1086 801 1156 edit.
822 1085 926 1156 Rom.
944 1108 1002 1156 an.
1026 1092 1131 1163 1772.

723 1348 952 1419 Mammas
978 1347 1246 1421 Cnmsmm.

512 1483 639 1551 Libros
669 1480 795 1551 Sacros
824 1482 918 1574 apud
944 1481 1162 1552 Christianos
1192 1484 1411 1576 temporibus
1437 1484 1507 1555 illis

463 1605 633 1688 receptos,
640 1594 823 1687 evangelia
834 1618 915 1664 cum
927 1597 1065 1677 ceteris,
1072 1619 1133 1666 eos
1144 1619 1219 1667 esse
1231 1620 1318 1689 quos
1329 1619 1366 1667 se
1380 1596 1507 1681 colere,

461 1711 687 1801 caedereque,
701 1709 882 1779 Divinitus
895 1710 1082 1800 inspiratos
1095 1732 1182 1795 esse,
1196 1721 1233 1782 et
1248 1713 1414 1805 dogmata
1426 1711 1507 1781 reli·

460 1825 575 1918 gionls
600 1826 802 1907 continer03
828 1835 936 1915 atque
961 1825 1006 1894 ad
1032 1834 1184 1895 mortem
1210 1849 1322 1919 usque
1347 1837 1508 1897 amanter

461 1950 629 2023 retentos,
653 1964 675 2010 a
702 1963 740 2009 se
771 1939 876 2010 nullis
903 1940 1102 2033 prodendos
1132 1949 1170 2010 et
1200 1942 1388 2011 tradendos
1422 1966 1507 2025 esse,

459 2058 669 2148 profitentur
703 2078 821 2125 coram
848 2055 1030 2147 judicibus
1064 2056 1135 2125 suis
1163 2056 1229 2127 SS.
1258 2055 1434 2149 Martyres
1468 2059 1505 2126 in

458 2172 560 2243 Actis
576 2196 597 2243 a
615 2171 789 2241 Ruinarto
809 2171 978 2241 collectis,
1031 2170 1127 2242 Vide
1144 2195 1246 2266 pagg.
1266 2177 1325 2250 87.
1343 2178 1402 2251 89.
1421 2169 1504 2243 356.

459 2293 544 2365 357.
563 2291 647 2366 394.
665 2288 751 2358 edit.
771 2285 924 2358 Amstel.

872 2534 1099 2606 OamaNEs.

507 2668 645 2750 Ἐπειδὴ
670 2671 745 2768 περὶ
767 2670 967 2751 τηλικούτων
984 2665 1193 2767 ἐξετάζοντες
1210 2664 1429 2763 πραγμάτων,
1448 2669 1504 2738 οὐκ

456 2785 644 2879 άρκοάμενοι
662 2794 735 2860 ταῖς
751 2794 868 2861 κοιναῖς
888 2785 1019 2860 ἐννοίαις
1038 2784 1090 2852 καί
1111 2789 1154 2877 τῇ
1171 2782 1321 2878 ἐναργείᾳ
1340 2786 1404 2851 τῶν
1420 2783 1504 2868 βλε·

456 2904 602 2983 πομὲνων
626 2897 1037 2997 προσπαραλαμβάνομεν,
1054 2901 1097 2974 εἷς
1121 2898 1181 2979 τὴν
1207 2898 1403 2994 φαινομένην
1429 2902 1502 2979 ἡμῖν

456 3014 621 3108 ἀπόδειξιν
634 3022 698 3087 τῶν
711 3016 904 3107 λεγομένων,
917 3014 1081 3111 μαρτύρια
1098 3011 1141 3084 τά
1156 3014 1189 3082 ἐκ
1205 3018 1272 3084 τῶν
1287 3014 1506 3095 πεπιστευμέ-

456 3163 513 3200 νων
530 3134 603 3212 ἡμῖν
626 3130 703 3200 εἶναι
728 3132 817 3201 θείων
837 3136 991 3227 γραφῶν,
1008 3139 1066 3212 τῆς
1090 3162 1129 3200 τε
1155 3129 1333 3222 λεγομένης
1358 3131 1503 3206 παλαίας

455 3245 613 3331 διαθήκης,
630 3247 682 3316 καί
708 3254 766 3327 τῆς
790 3246 985 3328 καλουμένης
1007 3253 1120 3328 καινῆς,
1139 3246 1234 3337 λόγῳ
1256 3276 1295 3316 τε
1317 3247 1501 3341 πειρώμεθα

453 3363 617 3456 κρατύνειν
643 3365 728 3444 ἡμῶν
754 3362 814 3444 την
840 3362 967 3443 πίστιν,
985 3359 1037 3429 καί
1065 3358 1158 3455 (sor.
1175 3358 1248 3450 κᾷν)
1276 3358 1398 3428 οὐδέπω
1425 3361 1501 3457 περί

453 3484 518 3548 τῶν
539 3483 681 3575 γραφῶν
703 3480 743 3554 ὡς
769 3478 859 3548 θείων
881 3474 1112 3572 διειλέχθημεν·
1140 3474 1223 3571 φέρε
1247 3473 1299 3545 καί
1325 3475 1401 3571 περὶ
1426 3479 1503 3547 τού-

453 3622 517 3662 των
535 3594 636 3685 ὀλίγα
659 3594 699 3668 ὡς
720 3593 752 3661 ἕν
774 3593 919 3685 ἐπιτομῇ
941 3588 1222 3679 διαλάβωμεν,τᾶ
1248 3597 1394 3662 κινοῦντα
1421 3596 1501 3675 ἡμᾶς

453 3710 492 3782 ὡς
504 3708 579 3804 περὶ
595 3708 684 3779 θείων
695 3704 901 3802 γραμμάτων
913 3710 956 3783 εἷς
967 3714 1073 3779 τοῦτο
1087 3707 1352 3804 παρατιθέμενοι.
1390 3707 1502 3779 Exor-

453 3823 511 3892 δίο
541 3823 621 3893 libri
643 3825 689 3893 iv.
719 3822 776 3894 De
796 3822 1004 3918 Ρνὶιιοιῗρὶις,
1031 3848 1065 3918 p.
1085 3822 1169 3894 156.
1196 3824 1281 3893 edit.
1308 3823 1500 3897 Delaman.

452 3961 513 4008 seu
533 3938 755 4008 Benedictin.

502 4051 603 4123 Μετὰ
614 4051 657 4123 τδ
671 4057 710 4129 ὡς
722 4056 754 4123 ἐν
764 4052 924 4149 ἐπιδρομῇ
936 4054 1088 4149 εἰρηκέναι
1103 4055 1177 4150 περὶ
1192 4060 1253 4124 τοῦ
1267 4055 1499 4132 θεοπνεύστους

450 4166 527 4239 εἶναι
539 4168 600 4246 τὰς
611 4170 707 4245 Θείας
718 4168 1048 4265 γραφὰς,1ἆναγκαῖον
1059 4167 1243 4263 ἐπεξελθεῖν
1256 4177 1305 4261 τῷ
1316 4173 1433 4265 τρόπῳ
1442 4178 1500 4252 τῆς

450 4285 657 4376 ἀναγνώσεως
674 4286 726 4357 καί
744 4289 878 4367 νοήσεως
895 4286 1009 4355 αὐτῶν.
1037 4286 1127 4356 lbid.
1145 4310 1220 4378 cap.
1240 4293 1273 4356 8.
1292 4310 1324 4378 p.
1343 4285 1425 4357 164.

501 4401 630 4497 Διόπερ
647 4410 718 4477 τοῖς
741 4401 942 4482 πειθομένοις
965 4402 1010 4483 μὴ
1034 4401 1210 4497 ἀνθρώπων
1227 4399 1303 4471 εἶναι
1322 4397 1500 4497 συγγράμ·

922 4531 1013 4598 aya
