3900 5167
455 451 519 518 292
648 452 712 516 DE
736 453 1119 517 REBAPTISMATE
1143 452 1304 516 LIBER.

455 637 667 719 aeceperunt
696 627 882 719 baptisma,
908 627 1157 697 tantummodo
1188 627 1324 717 imponi
1351 626 1403 695 eis
1428 648 1495 696 ma-

455 762 540 809 num
564 743 609 811 ab
632 744 805 834 episcopo,
823 742 868 812 ad
885 742 1132 833 accipiendum
1151 741 1328 833 Spiritum
1344 750 1496 811 sanctum

455 855 641 939 sufficeret,
659 867 697 927 et
719 857 793 926 hacc
816 880 942 927 manus
964 858 1144 949 impositio
1169 858 1311 950 siguum
1333 856 1417 926 fidei
1438 857 1497 926 ite-

455 982 571 1042 ratum
597 983 704 1066 atque
731 981 1014 1042 consummatum
1041 974 1093 1042 eis
1118 981 1322 1065 praestaret:
1351 994 1397 1041 an
1421 994 1496 1041 vero

455 1090 562 1157 etiam
580 1090 747 1159 iteratum
770 1089 946 1180 baptisma
968 1088 1023 1157 his
1049 1090 1286 1160 necessarium
1304 1098 1410 1170 esset,
1427 1098 1497 1156 tan-

454 1224 560 1293 quam
584 1204 671 1273 nihil
699 1203 882 1284 habituris,
906 1204 935 1271 si
964 1204 1032 1273 hoc
1060 1226 1201 1295 quoque
1227 1203 1350 1295 adepti
1379 1225 1424 1272 ex
1449 1203 1497 1270 in-

454 1324 555 1409 tegro
572 1342 642 1387 non
660 1319 822 1400 fuissent,
840 1318 986 1409 perinde
1010 1342 1051 1388 ac
1075 1319 1104 1388 si
1127 1340 1308 1410 nunquam
1334 1317 1496 1411 baptizati

454 1432 490 1499 in
516 1435 659 1502 nomine
681 1432 769 1503 Jesu
800 1432 931 1502 Christi
963 1432 1090 1502 forent.
1143 1431 1305 1525 Ideoque
1335 1432 1497 1503 nonnulla

453 1567 559 1636 super
580 1547 646 1617 hac
669 1570 761 1617 nova
781 1536 975 1639 questione
999 1548 1130 1639 scripta
1151 1555 1215 1617 aut
1239 1548 1413 1638 rescripta
1428 1569 1497 1616 esse

454 1667 463 1695 ¹
463 1660 700 1750 jactabantur,
712 1662 839 1754 quibus
849 1671 1000 1753 utraque
1014 1684 1093 1753 pars
1105 1662 1148 1732 ad
1163 1664 1382 1732 destruenda
1391 1661 1496 1732 aliena

453 1799 592 1846 summo
612 1778 730 1847 studio
747 1777 939 1847 nitebatur.
992 1777 1037 1846 In
1054 1801 1124 1870 quo
1141 1800 1273 1870 genere
1292 1778 1496 1870 quaestionis,

452 1901 495 1962 ut
511 1893 599 1962 mihi
617 1894 767 1976 videtur,
783 1894 884 1964 nulla
903 1894 1049 1964 omnino
1069 1893 1245 1983 potuisset
1265 1892 1497 1963 controversia

452 2016 515 2077 aut
545 2009 753 2100 disceptatio
786 2032 977 2102 emergere,
1008 2008 1037 2078 si
1066 2008 1308 2099 unusquisque
1342 2017 1497 2078 nostrum

452 2132 642 2193 contentus
671 2124 863 2195 venerabili
897 2124 1126 2194 ecclesiarum
1160 2124 1320 2193 omnium
1354 2123 1498 2193 auctori·

453 2245 540 2319 tate,
557 2247 596 2309 et
612 2242 806 2310 necessaria
825 2239 1029 2309 humilitate
1050 2237 1138 2308 nihil
1157 2240 1327 2308 innovare
1344 2240 1496 2332 gestiret,

453 2375 534 2421 cum
552 2352 669 2424 locum
687 2354 958 2425 contradictioni
979 2376 1050 2424 non
1068 2352 1267 2445 quemlibet
1283 2355 1497 2424 animadver-

453 2476 556 2537 teret.
596 2466 764 2561 Namque
782 2493 887 2539 omne
902 2470 997 2561 quod
1012 2490 1142 2560 auceps
1158 2476 1195 2537 et
1213 2469 1434 2561 ambiguum,
1447 2460 1516 2536 'ct'

452 2584 489 2652 in
508 2584 651 2654 diversis
667 2586 851 2655 sententiis
868 2584 1095 2677 prudentium
1113 2606 1154 2654 ac
1168 2581 1329 2652 fidelium
1347 2585 1496 2652 virorum

453 2701 686 2769 constitutum
708 2709 772 2781 est,
791 2702 818 2769 si
845 2710 968 2769 contra
993 2700 1141 2792 priscam
1170 2706 1206 2766 et
1233 2696 1496 2768 memorabilem

452 2824 660 2882 cunctorum
678 2815 906 2883 emeritorum
925 2823 1127 2883 sanctorum
1149 2821 1187 2880 et
1209 2810 1371 2881 fidelium
1389 2812 1496 2881 solen-

452 2929 629 2997 nissimam
642 2930 919 2998 observationem
928 2930 1119 3019 judicatur,
1133 2927 1289 2996 damnari
1306 2926 1430 3017 utique
1441 2926 1495 2993 de-

452 3087 619 3150 poneretur;
642 3085 672 3133 et
693 3078 732 3132 ita
753 3077 839 3132 edidit
855 3077 1007 3151 Rigaltius.
1052 3076 1115 3132 Nos
1137 3076 1302 3149 scripsimus
1318 3075 1433 3131 Domini
1452 3093 1495 3129 rso·

451 3175 512 3237 stri,
528 3184 588 3230 tuni
604 3174 668 3248 qnia
683 3174 767 3251 paulo
786 3183 851 3229 ante
871 3174 1008 3247 seriptum
1026 3182 1070 3229 est
1090 3174 1118 3227 in
1137 3173 1241 3227 nomine
1255 3172 1312 3227 Dei
1330 3173 1421 3227 nostri
1433 3170 1496 3226 teau

453 3272 565 3336 Christi,
582 3281 642 3328 tum
667 3272 732 3345 quia
757 3272 829 3328 infra
854 3272 957 3327 diserte
983 3271 1118 3345 scriptum
1144 3280 1187 3326 est
1213 3271 1240 3325 in
1263 3271 1368 3325 nomine
1390 3270 1496 3326 Domini

451 3372 537 3423 nostri
560 3369 628 3424 Jesu
655 3368 768 3423 Christi.
812 3368 859 3424 Sic
888 3368 916 3422 in
941 3368 1110 3423 allocutione
1137 3367 1300 3422 Crescentis
1325 3386 1342 3421 a
1368 3367 1447 3422 Cirta
1470 3365 1496 3419 in

451 3466 570 3521 concilio
595 3466 813 3540 Carthaginensi
834 3485 900 3539 pag.
923 3482 994 3537 331.
1019 3465 1155 3538 scriptum
1180 3472 1224 3519 est
1251 3464 1281 3518 in
1307 3464 1495 3519 vetustissimo

451 3565 548 3619 codice
563 3562 628 3619 MS.
641 3563 731 3619 sancti
747 3563 869 3636 Remigii
884 3562 1034 3617 Remensis
1047 3561 1217 3617 dilectissimi
1230 3579 1281 3614 non
1296 3580 1348 3633 pro
1363 3565 1459 3626 nostri,
1469 3569 1496 3616 et

451 3660 480 3715 in
504 3660 673 3716 allocutione
695 3660 828 3714 Munnuli
849 3679 866 3714 a
888 3659 976 3714 Girba
998 3659 1101 3714 ibidem
1123 3658 1241 3713 Domino
1260 3676 1279 3711 n
1300 3658 1413 3720 dicente,
1435 3676 1495 3712 curn

452 3756 602 3831 legendum
627 3757 663 3812 sit
685 3757 804 3812 Domino
826 3763 927 3811 nostro.
971 3755 1019 3811 Sic
1044 3774 1094 3828 pro
1117 3773 1151 3809 eo
1176 3753 1252 3826 quod
1275 3753 1350 3826 apud
1374 3752 1495 3808 Marium

450 3853 643 3910 Mercatorem
668 3854 697 3907 in
720 3852 843 3908 editione
865 3861 964 3907 nostra
984 3871 1050 3925 pag.
1066 3850 1136 3923 348.
1159 3848 1295 3922 scripturn
1317 3857 1362 3905 est
1386 3850 1495 3904 nondum

450 3950 559 4006 verbum
578 3950 653 4015 dicit,
669 3967 721 4003 nos
742 3947 902 4002 monuimus
924 3965 989 4019 pag.
1001 3961 1071 4018 470.
1093 3944 1245 4017 legendum
1261 3962 1322 3998 esse
1338 3963 1390 3999 non
1405 3946 1494 3999 Deum.

452 4045 566 4101 Banuz.

493 4147 499 4168 ¹
511 4142 704 4216 jactabantur]
721 4141 794 4196 Mihi
810 4140 901 4214 magis
915 4140 1040 4213 placeret
1047 4140 1202 4211 jactantur.
1285 4136 1288 4141 ’

400 4236 403 4241 ’
491 4247 499 4268 ³
522 4250 550 4295 et
574 4240 601 4294 in
628 4239 746 4294 diversis
772 4238 932 4309 sententiis]
962 4238 1095 4292 Fortasse
1124 4237 1292 4301 indicantur,
1319 4254 1382 4307 quae
1411 4232 1491 4288 modo

451 4338 540 4393 allatae
569 4346 634 4392 sunt
664 4337 868 4410 Episcoporum
897 4344 997 4390 contra
1024 4335 1196 4409 baptismum
1226 4333 1400 4388 Haereticum
1433 4348 1490 4385 sen·

451 4435 555 4492 tentiae.
