3900 5167
548 447 611 510 rao
764 420 1018 511 secuntur
1052 448 1116 510 nn
1149 448 1369 512 unnnurs

546 618 667 686 aetemi
693 640 831 709 poeuam
860 618 1036 710 suscipere
1058 629 1274 688 meruerunt.
1327 617 1396 688 Ille
1423 619 1532 712 igitur
1555 620 1584 688 in

547 740 676 801 terrum
701 732 867 803 decidens
883 756 950 803 neo
968 732 1062 804 ultra
1085 732 1164 803 oaeli
1189 731 1390 826 regionibus
1413 734 1586 815 admissus,

546 847 639 916 inter
666 847 826 917 homines
856 846 1045 928 volutatur,
1076 848 1254 940 decipiens
1281 870 1350 931 eos,
1381 857 1492 941 atque
1519 870 1588 941 per·

545 961 694 1033 suadens
717 963 783 1033 sibi
809 962 941 1034 similes
962 963 1055 1033 effioi
1073 974 1352 1057 transgressores,
1369 974 1409 1034 et
1430 964 1588 1056 usquein

544 1077 753 1147 hodiernum
778 1079 996 1149 adversarius
1018 1087 1073 1148 est
1090 1079 1265 1149 mandatis
1289 1079 1370 1149 Dei.
1424 1079 1499 1150 Sed
1524 1101 1589 1149 non

544 1213 667 1263 omnes
693 1192 830 1286 lapsum
861 1195 969 1264 ruinae
999 1195 1074 1286 ejus
1101 1202 1303 1286 aequentur,
1331 1216 1396 1286 pro
1426 1193 1588 1286 eoquod

545 1308 733 1400 unicuique
759 1307 902 1377 libertus
926 1308 1060 1378 arbitrii
1087 1317 1163 1390 est3
1189 1330 1234 1377 ex
1261 1307 1328 1378 hoo
1351 1310 1449 1378 eninr
1471 1318 1512 1379 et
1535 1330 1589 1401 up·

543 1420 697 1513 peilatus
724 1431 779 1492 est
802 1421 985 1501 Diabolus,
1003 1445 1047 1492 eo
1064 1422 1159 1513 quod
1182 1422 1369 1492 transitum
1397 1422 1527 1493 fecerit
1550 1422 1589 1492 de

544 1536 754 1619 caelestibus,
772 1546 810 1606 et
828 1536 923 1627 quod
949 1537 986 1605 in
1009 1537 1110 1605 terris
1134 1536 1300 1606 mandato
1322 1533 1391 1606 Dei
1416 1536 1590 1607 obtrecta-

543 1662 600 1721 tor
616 1652 796 1722 existeret.
848 1651 941 1734 Quia
958 1659 1079 1721 autem
1097 1652 1196 1721 Deus
1221 1652 1277 1732 sit,
1296 1651 1356 1742 qui
1382 1651 1481 1742 prius
1498 1673 1590 1723 man·

543 1767 666 1838 datum
688 1767 797 1849 dedit,
815 1768 890 1858 ipse
915 1767 1091 1837 Dominus
1113 1765 1219 1837 Jeaus
1245 1766 1295 1836 ait
1317 1766 1363 1837 ad
1387 1765 1589 1850 Diabolum

544 1890 552 1918 ¹
570 1881 662 1952 Vade
673 1892 754 1975 post
771 1905 823 1951 me
839 1880 984 1953 Salona.
1013 1882 1062 1952 Et
1079 1882 1154 1952 sine
1172 1882 1280 1952 dubio
1297 1882 1349 1951 ire
1365 1892 1449 1974 post
1462 1882 1591 1968 Deum,

544 1997 634 2067 servi
661 2004 726 2066 est.
777 1995 826 2065 Et
852 1997 982 2064 iterum
1006 1996 1099 2086 quod
1126 1998 1177 2065 ait
1206 1996 1250 2065 ad
1279 2018 1371 2079 eum,
1399 1994 1592 2069 Dominum

541 2109 655 2182 Deum
682 2121 777 2181 tuum
800 2108 970 2191 adorabis,
988 2119 1019 2180 et
1044 2110 1114 2203 ipsi
1139 2108 1205 2181 soli
1224 2110 1358 2182 seruies.
1411 2110 1595 2195 Quoniam

541 2250 625 2320 ergo
651 2226 943 2318 obtemperabant
966 2227 1109 2318 quidam
1136 2226 1318 2296 hominum
1344 2225 1597 2300 voluntatibus

541 2340 659 2430 ipsius,
678 2339 865 2408 audieruut
889 2361 910 2408 a
933 2338 1126 2423 salvatore,
1145 2338 1238 2411 'Vos
1263 2364 1307 2412 ea·
1320 2350 1426 2436 patre
1441 2340 1599 2417 Diabolo

540 2452 629 2533 estis,
648 2460 679 2523 et
696 2451 868 2521 desideria
878 2453 996 2545 patris
1013 2452 1248 2548 oestrifacere
1264 2453 1377 2526 uultis.
1411 2453 1596 2551 Denique,

540 2590 622 2637 oum
646 2568 776 2638 faciant
794 2567 994 2638 voluntates
1020 2570 1107 2660 ojus,
1128 2570 1289 2653 audiunt,
1306 2569 1519 2644 ³Generatio
1544 2575 1610 2645 oi-

534 2707 711 2778 perorum,
739 2684 815 2777 quis
841 2681 932 2753 uobis
958 2684 1104 2755 ostendit
1117 2682 1246 2781 supero
1273 2684 1314 2756 ub
1335 2685 1393 2756 ira
1420 2690 1607 2759 ventura?

539 2798 661 2869 Facite
695 2822 774 2893 erpo
796 2796 958 2890 fructum
987 2795 1127 2897 dippum
1158 2800 1381 2894 poeniteutiae.
1435 2800 1492 2872 Ex
1524 2803 1614 2874 hor:

540 2939 622 3006 ergo
640 2915 784 3007 pervide
806 2925 961 3006 ⁴quanta
980 2918 1032 2985 vis
1058 2918 1104 2986 sit
1127 2917 1307 2988 hominem
1325 2916 1425 2987 liberi
1444 2940 1521 2988 esse
1538 2942 1656 2988 arae

540 3031 646 3100 bitrii.
699 3029 806 3100 Dicat
824 3041 943 3100 tamen
962 3033 1070 3102 etiam
1088 3034 1173 3125 ipse,
1192 3034 1220 3103 si
1238 3041 1291 3101 est
1310 3033 1489 3125 judicium
1516 3034 1656 3125 pio-2

539 3169 629 3230 rum,
661 3155 698 3215 et
731 3148 931 3238 impiomm.
987 3147 1124 3219 Munus
1160 3169 1275 3228 D1x1‘r,
1307 3147 1372 3219 Est
1400 3149 1587 3240 judicium.
1650 3194 1656 3200 -

538 3261 764 3332 Auoumaus
795 3282 908 3341 mxu,
937 3261 1031 3332 Puto
1058 3286 1134 3353 quae
1166 3275 1209 3333 ⁸a
1235 3264 1336 3333 nobis
1362 3263 1407 3332 de
1435 3261 1588 3334 Diabolo
1605 3282 1656 3310 ⁴

539 3375 633 3444 diota
657 3385 750 3457 sunt,
774 3399 845 3445 non
866 3399 989 3467 parum
1016 3379 1160 3448 rationis
1186 3388 1223 3448 et
1249 3378 1390 3469 pietatis
1413 3377 1585 3447 obtinent.

539 3487 661 3559 Habet
685 3493 835 3561 enimet
857 3515 1076 3582 unaquaque
1102 3504 1263 3563 ereatura
1281 3492 1440 3561 ordinem
1468 3515 1583 3576 auum,

537 3612 574 3672 et
605 3603 694 3675 alius
719 3607 862 3696 quidem
889 3608 974 3677 ordo
1001 3617 1055 3677 est
1083 3608 1227 3677 humaui
1255 3608 1405 3699 generis,
1432 3615 1471 3675 et
1498 3606 1586 3676 alius

537 3720 741 3789 animalium
765 3731 827 3803 est,
855 3732 962 3813 atque
988 3722 1077 3791 alius
1102 3723 1333 3815 angelorum
1360 3744 1431 3791 una
1449 3743 1532 3790 vero
1549 3730 1585 3790 et

537 3834 610 3903 sola
636 3836 911 3906 inconvertibilis
934 3847 989 3907 est
1015 3838 1133 3907 divina
1159 3836 1364 3916 substantia,
1388 3845 1530 3918 aeterna,
1549 3844 1584 3905 et

537 3948 728 4030 invisibilis,
761 3954 851 4022 siout
880 3964 917 4022 et
948 3952 1111 4022 omnibus
1142 3962 1265 4021 notum
1297 3959 1362 4030 est,
1390 3949 1583 4020 seeundum

578 4155 589 4185 ⁸
613 4146 645 4201 ln
657 4146 804 4204 Casinensi
820 4149 924 4222 legitur
941 4148 1082 4204 contrario
1105 4166 1198 4211 sensu,
1214 4145 1326 4211 euobis,
1343 4145 1420 4219 quod
1440 4156 1535 4203 tamen
1555 4144 1582 4198 iu

536 4241 611 4298 hunc
625 4244 717 4300 locum
729 4264 785 4300 non
801 4246 929 4319 quadrat.

619 4381 625 4402 ¹
642 4374 714 4431 Mat.
729 4377 767 4432 iv.
784 4395 828 4431 10.
952 4377 1058 4433 'Joam
1077 4376 1131 4431 viii.
1148 4394 1197 4447 44.
1321 4373 1421 4430 ’Mat
1437 4373 1475 4429 iii.
1493 4391 1519 4445 7.

615 4478 624 4505 ⁴
646 4473 726 4545 [Hoc
742 4483 793 4538 est,
809 4484 943 4549 quantum
959 4475 1051 4531 valeat
1066 4473 1188 4530 hominis
1203 4472 1320 4528 liberum
1337 4472 1509 4545 arbitrium]
