3900 5167
613 468 645 531 S.
671 467 955 532 SCRIPTURAE
981 469 1344 534 ANTE-NICAENA.
1431 471 1497 537 347

498 681 599 697 --
615 641 671 709 ούκ
688 638 790 721 ἧττον
807 639 841 710 di
857 640 910 709 καὶ
929 637 997 710 ἆπό
1014 644 1079 711 τῶν
1092 638 1178 722 μετὰ
1195 638 1255 711 τὸν
1268 639 1395 723 Ἰησοῦν
1412 669 1497 736 γρα-

450 752 588 847 ψάντων,
605 754 657 822 καί
675 754 708 823 ἐν
723 764 796 830 ταῖς
818 753 1000 835 ἐκκλησίαις
1023 754 1112 823 θείων
1130 751 1207 823 εἶναι
1225 754 1494 836 πεπιστευμένων.
1518 817 1520 821 .

450 867 543 940 Ibid.
561 892 636 961 cap.
651 872 710 939 45.
727 892 762 961 p.
776 866 862 946 476.

498 1026 600 1040 -—
616 985 653 1054 ού
676 982 744 1079 γὰρ
765 981 876 1080 ἅρχων
892 983 996 1053 αὐτῶν
1017 984 1035 1053 ὁ
1058 980 1151 1066 θεὸς,
1168 982 1258 1068 ἁλλ’,
1274 981 1315 1060 ὥς
1336 989 1442 1080 φασιν
1465 987 1498 1055 οἱ

450 1101 531 1168 θεῖοι
564 1098 677 1191 λόγοι,
711 1100 730 1168 ὁ
760 1095 982 1196 Βεελζεβούλ.
1034 1098 1125 1170 Ibid.
1160 1098 1221 1170 lib.
1239 1100 1311 1170 viii.
1341 1122 1418 1193 cap.
1437 1105 1496 1171 25.

450 1235 485 1304 p·
502 1211 586 1289 761.

502 1327 571 1397 Καὶ
600 1324 667 1421 γάρ
695 1328 732 1409 ἦν
753 1336 812 1411 τῆς
839 1329 1066 1411 οἷκονομούσης
1087 1325 1227 1426 χάριτος
1249 1326 1309 1400 τὸν
1332 1335 1395 1400 τοῦ
1412 1328 1498 1399 θεοῦ

450 1441 558 1533 λόγον
581 1442 682 1539 ἔργον
707 1442 838 1516 Comm.
857 1445 895 1514 ιἰι
911 1442 1104 1516 Proverbia
1129 1468 1162 1537 p.
1178 1450 1212 1515 4.
1264 1444 1346 1515 Ηοο
1376 1446 1497 1516 scribit

451 1558 624 1651 Origenes
642 1560 686 1628 de
705 1558 879 1629 Matthaeo
896 1560 1066 1631 nonnulla
1082 1561 1258 1632 referente
1275 1582 1392 1653 egene.
1444 1560 1497 1633 Et

450 1672 487 1742 in
504 1671 701 1771 Eeeyetieis
728 1676 800 1745 suis
823 1698 928 1768 super
950 1676 1194 1771 Evangelistes
1215 1677 1258 1769 τῇ
1282 1676 1496 1766 θεοπνευστῖᾳ

450 1785 606 1879 ipsorum
624 1791 811 1861 credidisse
828 1813 866 1861 se
883 1792 977 1863 clere
994 1793 1160 1863 ostendit.
1187 1790 1283 1884 Ἐγώ
1299 1790 1357 1873 μὲν
1370 1789 1434 1875 οὖν,
1446 1792 1497 1862 nit

450 1901 511 1973 ille
530 1902 784 1977 Commentario
808 1907 846 1977 in
867 1904 969 1989 Mat,
997 1910 1076 1978 ι’ὣπα
1100 1906 1137 1977 ἓν
1161 1906 1179 1989 ἦ
1204 1908 1281 1988 μίαν
1305 1906 1435 2003 κεραίαν
1460 1907 1497 1977 ού

451 2019 595 2089 πιστεύω
611 2021 698 2102 κενὴν
714 2018 791 2091 εἶναι
810 2022 901 2093 θείων
916 2018 1127 2103 μαθημάτων·
1154 2019 1197 2093 τὸ
1215 2019 1250 2092 di
1265 2017 1497 2118 ἐπιτυγχάνειν

450 2131 671 2228 ἑρμηνεύονπα,
686 2138 825 2225 ἡγοῦμαι
840 2142 973 2207 πολλοῦ
989 2135 1114 2207 θεῖσθαι
1131 2136 1241 2229 λόγου
1257 2134 1309 2207 ded
1325 2134 1368 2208 τὸ
1386 2135 1496 2234 δυσερ-

450 2252 603 2332 μήνευτον
620 2256 685 2321 τῶν
701 2248 920 2347 πραγμάτων.
947 2261 1033 2323 tom.
1051 2252 1157 2324 XVI.
1175 2256 1322 2345 0111112.
1340 2276 1373 2345 p.
1385 2258 1408 2330 7
1412 2256 1469 2324 34.

500 2363 611 2462 Εἴπερ
633 2364 701 2462 γὰρ
725 2365 866 2463 ἀκριβῶς
888 2368 1086 2451 πιστεύομεν
1102 2364 1361 2464 ἀναγεγράφθαι
1387 2397 1497 2463 συνερ·

451 2485 590 2570 γοῦντος
613 2481 665 2550 καί
690 2488 754 2551 τοῦ
774 2482 873 2573 άγίου
890 2480 1093 2566 Πνεύμοτος,
1110 2480 1155 2554 τᾶ
1173 2483 1364 2575 εύαγγελία,
1380 2482 1433 2552 καὶ
1450 2482 1495 2566 μὴ

450 2592 649 2691 ἐσφάλησαν
678 2598 711 2666 ἕν
736 2602 784 2687 τῷ
815 2596 1084 2680 ἀπομνημονεύειν
1111 2600 1144 2668 οἵ
1162 2593 1372 2693 ’γράψαντες
1400 2594 1495 2681 ούτά,

451 2708 549 2792 δῆλον
567 2711 620 2781 ὅτι
637 2712 706 2781 ἐπεὶ
729 2713 773 2795 μη
797 2710 981 2783 θυνοτόνέν
1002 2718 1075 2802 μιᾷ,
1092 2712 1144 2781 καὶ
1170 2718 1214 2803 τῇ
1237 2713 1318 2806 αύτῇ
1343 2712 1494 2805 ἐπιδημίᾳ

450 2826 569 2909 άληθὲς
585 2826 662 2897 εἶναι
681 2827 735 2898 δύο
752 2827 900 2925 τυφλούς
916 2831 1176 2922 τεθεραπεῦσθαι
1196 2826 1230 2909 ’ἦ
1243 2829 1309 2914 ἕνα,
1324 2829 1420 2926 ἑτέρα
1437 2828 1496 2913 μὲν

451 2937 601 3023 ἕπιθημία
619 2938 795 3022 δεδήλωται
812 2940 875 3012 ύπό
892 2948 953 3013 τοῦ
971 2941 1163 3024 Ματθαίου,
1181 2940 1278 3036 ἑτέρα
1301 2939 1336 3012 δὲ
1354 2939 1418 3012 ύπθ
1434 2948 1497 3013 τοῦ

452 3049 603 3151 Μάρκου,
621 3054 678 3138 ἤδη
696 3054 798 3127 δὲκαὶ
816 3055 904 3140 άλλη
921 3055 985 3128 ὑπὸ
1002 3064 1063 3129 τοῦ
1081 3056 1205 3149 Λουκᾷ,
1223 3059 1263 3134 ὡς
1287 3063 1336 3148 τῷ
1360 3058 1498 3141 ἐπιστη-

450 3199 548 3240 σανπι
565 3169 600 3238 ἕκ
616 3178 673 3251 τῆς
691 3169 773 3267 πρός
795 3171 872 3250 τούς
890 3171 1026 3250 λοιπούς
1048 3173 1212 3270 διαφορᾶς
1231 3173 1306 3245 ἔστι
1323 3174 1375 3244 καί
1392 3179 1496 3248 τοῦτο

450 3287 696 3382 τεθαρρηκότως
711 3286 962 3384 άποφῆνασθοι.
990 3290 1080 3360 Ibid.
1099 3314 1131 3383 p.
1147 3295 1170 3367 7
1173 3294 1232 3360 32.

499 3438 600 3456 --
616 3402 683 3473 ε’ίτε
708 3401 776 3497 γὰρ
801 3409 843 3497 τῇ
875 3410 995 3500 γραφῇ
1023 3404 1169 3486 ἀπιστεῖ,
1188 3401 1279 3491 παρὰ
1302 3402 1363 3474 τὸν
1386 3406 1498 3487 ἐκκλη-

450 3515 623 3589 σιαστικὸν
650 3523 778 3601 ποιησει
808 3520 926 3613 λόγον·
956 3521 1023 3592 εἴτε
1049 3529 1108 3591 &e
1145 3521 1237 3591 Ibid.
1265 3532 1351 3592 tom.
1369 3521 1495 3596 XVII.

450 3655 525 3725 cap.
540 3633 674 3724 penult.
692 3657 725 3726 p.
740 3641 824 3713 827.
875 3637 1008 3707 Confer
1024 3646 1110 3707 tom.
1128 3634 1199 3706 XI.
1218 3657 1293 3726 cap.
1312 3640 1370 3712 17.

501 3743 605 3844 Τάχα
635 3745 688 3819 ούν
716 3748 769 3831 τὸ,
799 3752 1027 3849 ἐπεχείρησαν,
1058 3753 1167 3845 (apud
1193 3747 1234 3821 S.
1251 3748 1382 3822 Lucam
1399 3752 1422 3821 i.
1443 3751 1491 3843 1.)

449 3866 622 3946 λεληθυῖαν
638 3865 706 3961 ἔχει
729 3867 930 3963 κατηγορίαν
947 3872 1012 3939 τῶν
1034 3871 1209 3963 προπετῶς
1233 3864 1285 3935 καί
1310 3865 1410 3962 χωρίς
1435 3896 1497 3962 χα-

448 3979 613 4074 ρίσματος
638 3980 801 4053 ἐλθόντων
823 3982 876 4052 ἐπὶ
902 3984 962 4065 τὴν
985 3982 1183 4077 ἀναγραφὴν
1204 3986 1269 4052 τῶν
1287 3981 1495 4073 εύαγγελίων·

450 4094 629 4170 Ματθαῖος
655 4095 722 4191 γὰρ
750 4099 805 4167 ούκ
830 4099 1036 4195 ἐπιχείρησεν
1060 4099 1137 4167 ἀλλ’
1156 4094 1320 4191 ἔγραψεν,
1338 4096 1376 4190 ἐξ
1399 4098 1498 4188 ἁγίου

449 4211 627 4292 κινούμενος
659 4211 860 4296 Πνεύμαπος.
903 4216 1020 4297 ὁμοίως
1055 4215 1107 4283 καὶ
1138 4210 1277 4310 Μάρκος
1306 4213 1358 4283 καί
1389 4208 1498 4282 Ἰωάν-

450 4352 509 4407 νης·
537 4330 775 4424 παραπλησίως
798 4328 832 4401 δὲ
851 4331 903 4399 καί
922 4328 1063 4406 Λουκᾶς.
1100 4328 1231 4401 Homil.
1251 4329 1280 4400 I.
1299 4330 1337 4400 in
1354 4327 1495 4412 Lucam,

449 4450 582 4534 p.932.
887 4463 1082 4533 (rorent)
