3900 5167
450 453 495 514 58
676 449 928 515 ARCHELAI
960 450 1025 513 ET
1057 448 1278 513 MANETIS

507 634 568 706 IX.
598 623 694 723 Ἐρῶ
722 622 759 700 δὲ
785 626 865 721 ὑμῖν
889 625 947 701 καὶ
973 630 1089 717 τοῦτο,
1113 628 1188 704 πῶς
1208 620 1491 724 μεταγγίζετοιὴ

447 747 554 856 ψυχὴ
573 754 621 832 εἷς
639 750 744 827 πέντε
763 750 927 846 σώματα.
972 753 1116 849 πρῶτον
1134 744 1357 850 καθαρίζεται
1374 744 1494 848 μικρόν

450 910 485 954 τι
503 877 562 954 ἀπ’
584 876 701 973 αὐτῆς,
721 871 796 955 εἶτα
814 875 1061 976 μεταγγίζετοι
1080 879 1128 957 εἷς
1146 870 1259 969 κυνὸς,
1278 871 1301 973 ἢ
1320 879 1370 957 εἰς
1387 871 1495 972 καμή-

450 1010 528 1097 λου,
548 999 570 1100 ἢ
590 1008 637 1083 εἷς
665 1003 784 1105 ἑτέρου
806 1002 896 1105 (aiau
914 1006 1034 1099 σῶμα.
1065 1000 1127 1079 ἐὰν
1154 998 1192 1080 δὲ
1216 997 1240 1105 ᾗ
1262 1005 1497 1106 πεφονεοκυῖο

450 1126 564 1232 ψυχὴ,
584 1134 632 1211 εἰς
651 1127 835 1234 1κελειρῶν
853 1134 962 1226 σῶμα
978 1129 1224 1233 μεταφέρεται.
1263 1125 1325 1205 εὀὶν
1347 1124 1387 1204 δὲ
1407 1128 1496 1227 θερί·

450 1288 555 1333 σασα
573 1256 707 1359 εὑρεθῇ,
727 1261 775 1337 εἷς
793 1255 1025 1357 μογιλάλους.
1066 1258 1130 1354 τῆς
1148 1252 1186 1333 δὲ
1204 1257 1328 1358 ψυχῆς
1350 1255 1431 1332 ε’στι
1454 1250 1497 1332 rii

450 1378 610 1477 ὀνόματα
639 1389 761 1476 ταῦτα,
795 1390 885 1478 νοῦς,
915 1382 1042 1476 ἔννοια,
1077 1379 1263 1486 φρόνησις,
1296 1377 1496 1477 ἔνθθριησιτ,

450 1504 641 1607 λογισμός.
691 1516 722 1584 oi
756 1505 793 1584 δὲ
825 1508 998 1607 θερισταὶ,
1022 1505 1103 1583 ὅσοι
1127 1505 1335 1608 θερίζουσιν,
1363 1505 1497 1583 ἐοίκασι

450 1639 524 1715 τοῖς
542 1629 726 1735 Ἀρχουσι
758 1638 831 1716 τοῖς
861 1636 1025 1735 ἀπαρχῆς
1056 1632 1159 1710 οὖσιν
1189 1637 1236 1715 εἰς
1267 1628 1412 1728 σκότος,
1442 1630 1497 1710 dre

449 1758 588 1865 ἔφαγον
606 1761 645 1836 ἐκ
664 1763 727 1858 τῆς
746 1767 809 1837 τοῦ
827 1757 971 1860 πρώτου
990 1756 1180 1859 ἀνθρώπου
1197 1759 1414 1842 πανοπλίας.
1445 1756 1496 1838 διὸ

450 1885 587 1988 ἀνάγκη
605 1887 732 1970 αὐτοὺς
744 1892 1030 1989 μεταγγισθῆναι
1048 1892 1097 1971 εἰς
1115 1886 1255 1991 χόρτον,
1271 1886 1293 1986 ἢ
1310 1894 1359 1971 εὶς
1376 1887 1496 1993 φασή-

449 2022 522 2110 λια,
551 2014 573 2112 ἢ
598 2020 646 2098 εἷς
673 2012 807 2115 κριθὴν,
835 2011 857 2113 ἦ
888 2020 936 2096 cis
960 2012 1111 2118 στάχυν,
1138 2011 1160 2112 ἢ
1188 2020 1236 2097 εἰς
1262 2014 1416 2117 λάχανα,
1443 2015 1495 2095 ἵνα

495 2168 559 2234 ΙΧ.
583 2172 696 2235 Dicam
721 2181 830 2237 autem
853 2172 952 2247 vobis,
998 2171 1030 2234 in
1060 2178 1175 2235 mutos.
1221 2172 1359 2237 Nomina
1391 2181 1496 2239 autem

451 2258 609 2341 quomodo
637 2265 670 2321 et
695 2258 809 2320 animae
833 2257 866 2318 in
891 2257 954 2320 alia
997 2256 1111 2320 animoe
1147 2263 1222 2320 sunt
1261 2258 1335 2335 ista,
1375 2259 1497 2335 hmens,

451 2365 575 2427 quoque
611 2363 746 2427 corpora
773 2342 785 2380 ¹
796 2343 953 2406 transfun·
997 2364 1116 2418 sensus,
1147 2342 1325 2427 prudentia,
1362 2344 1499 2410 intellec·

451 2429 580 2493 duntur.
627 2429 668 2491 In
691 2428 749 2492 hoc
765 2428 866 2512 primo
882 2450 953 2513 pur·
997 2434 1059 2504 tus,
1079 2428 1241 2510 cogitatio.
1266 2428 1433 2495 Messores
1446 2454 1502 2496 au·

449 2521 546 2597 gatur
560 2513 678 2598 aliquid
702 2536 741 2576 ox
764 2535 802 2576 aa
816 2534 949 2595 parum;
995 2520 1072 2590 tem,
1106 2513 1160 2598 qui
1196 2535 1329 2577 messem
1363 2523 1501 2594 metunt,

451 2599 564 2664 doinde
587 2599 821 2664 transfunditur
842 2599 875 2661 in
901 2622 951 2662 ca·
996 2599 1201 2663 conferuntur
1210 2598 1506 2687 Principibus‚¹qui

451 2706 534 2760 nem,
548 2693 604 2748 aut
620 2684 651 2746 in
667 2684 832 2760 camelum,
847 2700 904 2748 aut
920 2685 951 2747 in
996 2706 1035 2747 cx
1057 2684 1191 2748 materia
1206 2684 1282 2760 orti,
1303 2684 1336 2747 in
1360 2688 1505 2752 tenebris

451 2770 583 2833 alterius
632 2769 777 2832 animalis
828 2791 950 2853 corpus.
996 2777 1081 2845 sunt,
1097 2792 1136 2832 ox
1174 2791 1214 2832 uo
1230 2770 1502 2838 manducaverunt

452 2856 544 2934 Quod
571 2854 596 2917 si
621 2854 846 2917 §homicidium
869 2877 952 2917 com·
995 2854 1147 2940 deprimi
1189 2854 1302 2917 ominis
1322 2866 1500 2935 armatura,

452 2940 549 3018 misit,
573 2940 679 3003 anima
704 2940 736 3001 in
759 2939 952 3024 elephantia·
995 2940 1222 3024 propterquod
1238 2962 1365 3004 necesse
1381 2950 1432 3006 ast
1446 2964 1501 3007 eos

452 3048 559 3088 corum
593 3047 726 3108 corpora
761 3026 951 3088 transfundi·
995 3025 1174 3089 transfundi
1194 3025 1370 3103 misenum,
1388 3036 1446 3092 aut
1468 3030 1500 3091 in

446 3121 524 3185 ⁴tur;
550 3111 633 3195 quod
650 3111 675 3173 si
694 3132 827 3173 messem
843 3111 951 3186 secuit,
996 3110 1181 3185 l‘saecolum
1198 3119 1256 3175 aut
1277 3111 1310 3174 in
1333 3111 1498 3190 hordeum,

493 3259 615 3319 fCodex
631 3263 788 3329 Rabienus,
805 3265 1016 3339 transferantur.
1039 3265 1113 3320 mala
1126 3264 1221 3322 lectio.
1252 3264 1428 3339 Epiphanius
1449 3267 1498 3324 ha·

452 3358 509 3426 bet,
525 3361 652 3434 quomodo
666 3362 754 3416 anima
771 3362 797 3417 ia
808 3364 921 3436 quiaque
932 3381 1046 3437 corpora
1061 3362 1279 3436 transfundatur.
1302 3360 1436 3429 Primam,
1448 3365 1497 3421 &c

493 3467 506 3502 ἕ
527 3457 626 3513 Codex
648 3457 806 3521 Bobiensis,
829 3460 997 3514 homicidium
1018 3460 1136 3522 admisit,
1152 3459 1240 3515 anima
1255 3460 1283 3514 ia
1299 3459 1498 3534 elephantorum

453 3569 576 3625 corpora.
617 3551 650 3606 ln
666 3552 815 3608 Casinensi
836 3554 976 3617 scribitur,
992 3555 1018 3609 in
1036 3555 1165 3627 elefantis
1180 3574 1270 3611 eoram
1284 3574 1408 3630 corpora,
1424 3560 1498 3633 quod

452 3648 551 3721 procul
566 3647 660 3710 dubio,
675 3648 926 3722 elephantiasorum,
941 3650 998 3722 legi
1013 3651 1105 3706 debet.
1148 3650 1322 3725 Epiphanius
1337 3661 1434 3711 tamen
1448 3656 1496 3714 ha·

453 3745 511 3808 bet,
527 3748 653 3815 κελεφῶν,
671 3744 845 3816 colaphorum.
861 3746 991 3820 ignotum
1007 3748 1075 3802 mihi
1090 3748 1202 3805 animal.

493 3837 510 3880 h
531 3840 661 3923 Petavius
675 3841 775 3897 melius
790 3842 874 3898 vertit
889 3843 963 3916 apud
981 3844 1179 3917 Epiphaniam,
1195 3847 1285 3912 Meas,
1301 3851 1382 3914 notio,
1399 3851 1497 3907 intelli·

452 3933 553 4007 ριοῑὶο,
569 3933 707 4007 capitatio,
725 3935 903 3993 ratiocinatio.

495 4026 503 4069 ἱ
525 4029 623 4085 Codex
645 4029 802 4096 Bobiensis,
828 4035 873 4106 qai
890 4053 923 4088 er
945 4035 1059 4089 materia
1082 4035 1164 4099 horti,
1193 4038 1447 4113 typographorum,
1468 4051 1499 4098 ut

453 4125 573 4189 videtur,
589 4145 692 4183 errore.
734 4129 819 4201 Apud
833 4130 1022 4204 Epiphaniam
1036 4132 1150 4207 legitur,
1166 4136 1211 4208 qai
1231 4135 1265 4190 ab
1280 4136 1357 4191 initio
1379 4138 1406 4192 ia
1429 4146 1498 4193 tene·

455 4222 512 4278 bric
525 4230 598 4277 stent.

497 4316 513 4361 k
530 4319 628 4376 Codex
645 4321 793 4378 Bobiensis
806 4324 1039 4398 maiasasellam.

730 4423 739 4466 ¹
760 4427 837 4498 [For.
854 4432 1005 4502 reponenti.
1022 4431 1221 4506 firmamina]
