3900 5167
462 432 526 498 116
685 433 939 497 ARCHELAI
971 434 1035 497 ET
1067 435 1287 500 MANETIS

462 606 536 677 lum
555 607 651 689 facit,
668 616 730 677 aut
747 606 869 687 solem,
887 616 950 677 aut
967 605 1158 690 hominem,
1174 616 1238 677 aut
1254 607 1433 691 animalia,
1447 619 1512 682 aut

460 720 622 815 virgulta,
640 730 703 791 aut
721 720 792 791 tale
808 720 965 812 aliquid?
992 721 1063 792 Sed
1079 720 1135 791 his
1147 722 1291 813 quidem
1310 722 1511 796 visibilibus

461 837 633 928 perfectis,
651 859 673 906 a
690 835 752 906 tali
770 859 876 928 opere
892 838 1115 928 conquievit;
1142 838 1354 910 ”invisibilia
1373 848 1507 924 autem,

460 961 497 1021 et
514 952 723 1023 intrinsecus
740 973 852 1043 usque
869 953 976 1022 modo
993 974 1149 1043 operans,
1167 952 1291 1024 salvat.
1342 954 1402 1025 Ita
1422 978 1507 1050 ergo

459 1066 568 1135 etiam
594 1087 870 1158 unumquenque
898 1074 1068 1147 nostrum,
1095 1067 1288 1160 sicutipse
1313 1066 1415 1140 Deus
1441 1079 1505 1152 cst,

458 1180 697 1252 indesinenter
722 1182 804 1251 huie
830 1182 926 1273 operi
952 1179 1133 1274 legislator
1155 1181 1232 1252 vult
1261 1205 1338 1255 esse
1363 1185 1506 1256 devinc-

458 1288 555 1351 tum:
582 1304 604 1351 a
630 1280 845 1351 secularibus
868 1280 974 1371 jubet
1000 1281 1160 1371 protinus
1182 1282 1442 1374 conquiescere,
1467 1295 1504 1355 et

458 1397 601 1466 omnino
624 1396 762 1466 nullum
785 1418 873 1488 opus
895 1417 1018 1489 gerere
1045 1396 1275 1478 mundanum,
1294 1407 1332 1469 et
1354 1398 1424 1469 hoc
1443 1423 1503 1492 ap·

457 1511 609 1605 pellatur
625 1513 822 1584 sabbatum,
874 1510 1025 1581 Addidit
1043 1512 1152 1590 etiam
1170 1511 1290 1583 hocin
1307 1512 1397 1608 lege,
1415 1514 1502 1585 nihil

459 1629 671 1699 ¹abaurdum
696 1629 771 1698 fieri
798 1627 937 1708 debere,
965 1628 1027 1697 scd
1053 1627 1238 1699 observare
1263 1651 1336 1710 nos,
1360 1638 1399 1699 et
1422 1631 1502 1700 diri·

424 1781 429 1794 ·
456 1766 540 1836 gere
559 1744 668 1813 vitam
685 1752 841 1813 nostram
859 1765 905 1812 ex
927 1765 1032 1833 aequo
1049 1751 1086 1812 et
1105 1742 1215 1833 justo.
1268 1743 1317 1814 Et
1340 1745 1502 1815 immine-

456 1857 519 1928 bat
539 1858 613 1929 haec
639 1857 710 1942 lex,
728 1859 899 1928 acerrime
924 1856 1152 1926 maledictum
1178 1857 1332 1929 inferens
1357 1858 1422 1942 his,
1441 1861 1500 1953 qui

457 1995 536 2044 eam
549 1973 697 2042 fuissent
714 1973 938 2065 transgressi3
962 1972 1205 2063 sedquoniam
1222 1971 1383 2044 homines
1400 1982 1500 2045 erant

457 2101 494 2159 et
519 2088 583 2171 illi,
601 2098 638 2158 et
661 2088 753 2158 sicut
775 2089 884 2157 etiam
910 2088 1011 2158 nobis
1033 2086 1237 2178 frequenter
1261 2089 1400 2171 accidit,
1417 2112 1499 2160 con-

456 2206 636 2275 troversiae
659 2203 871 2283 oriebantur,
889 2213 927 2272 et
952 2202 1196 2296 irrogabantur
1220 2203 1366 2294 injuria,
1383 2214 1421 2273 et
1441 2203 1498 2274 lex

456 2322 577 2392 statim
606 2320 897 2390 districtissimam
923 2317 1126 2398 ⁰ultionem‚
1151 2340 1258 2409 quam
1282 2318 1425 2401 iecerat,
1446 2341 1497 2390 re·

455 2436 655 2527 torquebat,
672 2436 723 2504 ita
740 2443 781 2503 ut
804 2435 928 2525 siquis
954 2455 1147 2525 pauperum
1169 2431 1337 2503 voluisset
1359 2435 1398 2504 in
1422 2433 1497 2506 sab·

455 2552 539 2622 bato
557 2552 687 2621 fascem
705 2548 791 2643 ligni
808 2548 984 2641 colligere,
1003 2548 1068 2618 sub
1085 2548 1274 2619 maledicto
1292 2548 1381 2643 legis
1396 2549 1498 2621 effec-

455 2676 523 2746 tus,
551 2668 656 2736 morti
675 2666 842 2734 continuo
860 2664 1112 2755 subjiceretur:
1138 2662 1399 2734 'Arctabantur
1415 2687 1496 2758 ergo

455 2782 632 2851 coertione
655 2780 742 2872 legis
769 2779 940 2863 homines,
963 2780 1022 2869 qui
1049 2801 1131 2848 oum
1158 2778 1333 2871 AEgyptiis
1358 2779 1497 2850 fixerant

453 2898 601 2970 educati,
620 2918 685 2964 nec
712 2902 875 2985 poterant
898 2916 1018 2985 poenas
1035 2893 1134 2985 legis,
1151 2902 1188 2962 et
1202 2894 1393 2965 maledicta
1411 2894 1496 2965 tole·

494 3153 509 3183 ¹¹
525 3142 687 3199 casinensis
701 3142 796 3204 habet,
811 3140 941 3196 invisibili
958 3147 1044 3195 cutem
1062 3148 1088 3195 et
1102 3140 1242 3195 trinsecus.
1281 3138 1330 3195 Sic
1344 3138 1496 3214 legendum

452 3236 571 3301 ridetur,
594 3246 624 3292 ut
645 3236 751 3293 editum
775 3244 827 3298 est.
853 3235 896 3290 vel
917 3234 1064 3290 invisibilia
1088 3242 1175 3291 cutem
1202 3234 1367 3291 intrinsecus.
1419 3234 1495 3291 Deus

452 3332 527 3387 enim
543 3342 573 3389 ut
589 3332 678 3406 inquit
698 3332 735 3387 D.
749 3330 926 3405 Augustinus
945 3331 974 3385 in
988 3330 1060 3386 libro
1076 3331 1111 3386 de
1126 3329 1225 3386 Gratia
1239 3329 1348 3387 Christi
1368 3348 1432 3404 cap.
1450 3347 1495 3400 24.

452 3447 511 3484 non
525 3429 589 3503 lege
608 3438 692 3501 atque
707 3428 835 3484 doctrina
849 3427 998 3483 insonante
1019 3425 1192 3490 lorinsecus;
1216 3426 1266 3483 scd
1286 3426 1400 3484 interna
1413 3435 1496 3501 atque

451 3526 562 3581 occulta
575 3525 695 3582 mirabili
710 3544 742 3581 ac
756 3523 889 3579 ineffabili
906 3532 1046 3597 potestate
1060 3522 1232 3598 operatorio
1247 3523 1381 3580 cordibus
1402 3523 1494 3580 homi·

452 3639 518 3677 num
540 3640 599 3677 non
620 3621 711 3677 solum
726 3639 806 3676 veras
825 3620 1021 3683 revelationes,
1044 3620 1195 3676 sedetiam
1215 3619 1304 3676 bonas
1325 3620 1493 3677 voluntates.

453 3717 562 3775 Similia
575 3718 696 3773 inculcat
710 3727 770 3773 tum
790 3717 819 3772 in
840 3717 931 3790 capite
946 3717 1154 3773 decimotertio
1169 3718 1295 3790 ejusdem
1317 3718 1420 3791 operis,
1435 3727 1493 3775 tum

453 3815 517 3871 alibi
532 3815 645 3889 passim.

494 3920 509 3951 ⁰
524 3910 557 3967 ln
573 3910 719 3967 Casinensi
735 3910 840 3975 codice,
856 3910 982 3965 ultionem
988 3909 1098 3982 fecerat
1113 3910 1293 3984 retorquebat.
1325 3911 1384 3968 Sed
1398 3930 1492 3969 neces-

453 4007 525 4064 saria
549 4009 609 4063 risa
630 4018 673 4064 est
701 4007 810 4064 relativi
832 4008 940 4063 articuli
964 4007 1079 4071 additio,
1102 4027 1137 4063 ne
1161 4026 1259 4063 sensus
1283 4008 1340 4064 ulla
1360 4028 1397 4065 ex
1417 4020 1494 4083 purte

453 4110 575 4158 nutaret.
620 4104 688 4173 (An,
705 4102 910 4176 ultionemsecit
925 4103 1076 4176 retorqueri
1085 4104 1114 4172 P)

495 4252 501 4273 ¹
521 4248 660 4319 [Ἀτοπον,
667 4248 865 4319 facinorosum,
873 4248 1052 4322 flagitiosum.
1068 4248 1219 4304 absurdam.
1256 4249 1367 4305 Glossae
1382 4250 1463 4321 Vct]

856 4351 863 4373 ¹
880 4345 968 4401 Num.
985 4364 1030 4400 xv.
1041 4364 1088 4418 32.
