3900 5167
545 438 608 497 180
775 434 1026 499 ARCHELAI
1052 435 1116 498 ET
1141 438 1365 504 MANETIS

543 609 655 679 κεῖσαι
671 605 779 690 homa
797 608 864 678 hac
881 609 1046 700 opinione
1063 602 1209 701 concipe
1230 612 1340 681 etiam
1360 613 1406 682 de
1424 636 1480 695 eo,
1497 614 1583 705 quod

543 725 679 795 dictum
696 733 760 805 eat,
777 724 867 795 sicut
879 722 1055 804 columba:
1081 748 1223 796 necesse
1241 735 1352 796 estet
1376 729 1456 797 haec
1479 752 1585 820 aequa·

542 841 624 910 liter
658 843 822 933 recipere,
853 841 904 911 ita
933 842 1026 909 enirn
1062 842 1099 910 in
1133 840 1325 933 Scripturis
1355 864 1435 932 quae
1470 844 1516 913 de
1547 867 1585 913 eo

541 957 672 1047 scripta
694 966 788 1038 sunt,
809 958 1046 1051 inveniuntpr.
1097 954 1327 1027 Altonnnxus
1352 976 1472 1038 D1x1‘r,
1490 957 1586 1028 Sicut

542 1072 607 1141 tibi
634 1072 709 1164 ipse
734 1094 806 1141 non
836 1082 946 1163 potes,
973 1081 1141 1162 tanquam
1167 1071 1280 1140 bonus
1303 1071 1447 1154 artifex,
1474 1095 1586 1165 neque

541 1187 690 1280 egotibi
716 1186 807 1257 hanc
824 1187 1052 1277 quaestionem
1071 1185 1281 1278 ydiligenter
1300 1194 1462 1276 aptatam
1481 1190 1586 1258 mani·

541 1302 715 1383 festarem,
741 1310 849 1393 atque
872 1301 1059 1370 manifeste
1091 1299 1328 1383 dissolverem,
1353 1302 1422 1371 nisi
1448 1312 1587 1395 propter

540 1417 614 1499 hos,
633 1419 693 1509 qui
720 1420 897 1499 assistunt,
916 1418 1031 1508 etqui
1057 1439 1120 1486 nos
1137 1416 1305 1498 audiunt3
1331 1425 1371 1487 et
1388 1417 1481 1499 ideo,
1500 1420 1585 1489 sicut

533 1535 715 1614 convenit,
743 1534 947 1625 quaestionis
973 1533 1077 1624 hujus
1106 1555 1248 1623 quoque
1278 1554 1457 1623 exponam
1484 1538 1585 1605 ratio

532 1668 633 1716 nem.
684 1648 762 1718 Tibi
793 1649 937 1740 quidem
967 1671 1038 1716 nou
1069 1648 1209 1717 videtur
1237 1648 1295 1738 pie
1323 1648 1405 1729 dici,
1437 1658 1583 1718 matrem

539 1762 702 1832 habuisse
719 1761 845 1832 Jesum
863 1761 1023 1843 Mariam,
1042 1762 1242 1853 etreliqua,
1260 1785 1338 1853 quae
1356 1785 1453 1833 nunc
1472 1786 1584 1855 prose

531 1887 643 1948 ‘cutus
668 1900 717 1961 es,
741 1902 818 1969 quae
848 1878 991 1969 quidem
1015 1879 1134 1947 omnia
1159 1887 1320 1969 repetere
1346 1878 1582 1967 perhorresco.

539 1994 724 2064 Interdum
743 1994 887 2085 quidem
908 1994 986 2086 cogi
1012 1992 1103 2063 solet
1128 1993 1256 2062 artifex
1284 2001 1430 2083 propter
1446 1993 1583 2085 imperi-

539 2111 626 2179 tiam
644 2111 839 2180 resistentis
860 2111 987 2191 dicere,
1006 2117 1042 2178 et
1065 2109 1181 2178 facere
1199 2130 1241 2177 ea
1257 2131 1336 2198 quoe
1354 2118 1500 2201 tempus
1520 2117 1583 2179 're-

538 2235 658 2308 cusat3
686 2236 723 2296 et
740 2226 820 2295 ideo
838 2226 920 2316 quia
937 2225 1025 2294 mihi
1043 2232 1099 2294 est
1117 2223 1214 2294 illata
1231 2225 1422 2295 necessitas
1445 2236 1582 2318 propter

538 2348 750 2433 praesentem
768 2341 920 2421 turbam,
937 2340 982 2409 ad
1000 2362 1051 2421 ea,
1070 2362 1151 2430 quae
1170 2363 1193 2409 a
1209 2347 1247 2408 te
1272 2362 1345 2410 non
1370 2349 1469 2410 recte
1493 2342 1582 2411 dicta

537 2466 630 2538 sunt,
648 2457 769 2548 paucis
787 2457 1047 2547 zrespondeum.
1089 2453 1158 2524 Dic
1175 2477 1259 2547 ergo
1277 2453 1386 2537 mihi;
1412 2458 1442 2526 si
1460 2457 1581 2528 Jesum

537 2572 717 2642 hominem
731 2572 939 2641 naturaliter
956 2571 1089 2640 factum
1107 2568 1388 2639 intellexerimus
1401 2592 1449 2641 ex
1462 2569 1579 2652 Maria,

536 2689 745 2758 'habentem
765 2709 904 2756 carnem
929 2695 967 2754 et
989 2687 1196 2778 sanguinem
1213 2683 1507 2766 intellexerimus,
1525 2707 1580 2754 ne-

536 2827 633 2874 cesse
659 2811 713 2872 est
730 2804 837 2871 ctiam
856 2800 1026 2892 Spiritum
1053 2799 1225 2869 Sanctum
1244 2821 1362 2867 veram
1382 2799 1578 2869 columbam

536 2921 653 3001 fuisse,
680 2929 717 2987 et
743 2941 812 2986 non
844 2916 1032 3007 spiritum?
1060 2916 1111 2984 Et
1136 2914 1314 3005 quomodo
1344 2915 1477 3004 pot-erit
1505 2938 1579 2984 vera

534 3032 699 3102 columbe
722 3053 844 3100 verum
871 3029 1050 3096 hominem
1078 3028 1225 3119 ingredi,
1243 3036 1350 3116 atque
1377 3029 1414 3096 in
1441 3052 1484 3099 eo
1508 3051 1579 3121 per-

535 3166 686 3223 manere,
706 3166 785 3212 caro
804 3144 898 3211 enim
925 3164 1065 3211 carnem
1092 3143 1228 3233 ingredi
1256 3165 1326 3210 non
1352 3144 1497 3233 potest?
1523 3145 1578 3214 sed

534 3260 646 3351 magis
673 3260 700 3328 si
727 3256 852 3327 Jesum
875 3257 1056 3326 hominem
1083 3280 1204 3325 verum
1234 3258 1474 3339 conliteamur,
1502 3282 1578 3329 eum

575 3524 590 3554 ¹
613 3514 646 3568 ln
661 3514 758 3568 codice
773 3511 922 3569 Casinensi
937 3512 1076 3577 scribitur,
1090 3514 1160 3569 siem
1176 3513 1251 3568 domo
1266 3531 1298 3567 cc
1311 3512 1443 3586 opinione.

573 3622 585 3657 Υ
608 3610 708 3666 Codex
723 3609 886 3666 Casinensis
907 3611 946 3665 ita
960 3610 1040 3683 legit,
1055 3610 1124 3665 lanc
1137 3611 1308 3684 questionem
1323 3610 1475 3683 drffipeater
1488 3619 1584 3685 aptare

531 3718 586 3765 tam
608 3706 819 3780 rrruaifesturem,
834 3717 915 3781 utque
935 3707 1078 3779 manifeste
1091 3707 1274 3763 dissolvam.
1319 3705 1377 3763 Sed
1398 3725 1433 3762 ex
1457 3707 1582 3764 llianetis

531 3805 765 3879 interrogatione,
787 3805 832 3859 cui
855 3804 1010 3859 Archelaus
1032 3805 1196 3878 respondet,
1217 3824 1269 3860 uos
1291 3804 1366 3860 hunc
1385 3804 1481 3861 locum
1500 3806 1582 3865 resti.

534 3903 649 3957 tuimus.

575 4008 588 4037 ²
612 3998 806 4072 Respondeum,
830 4016 890 4071 pro,
915 3998 1085 4072 respondebo,
1108 3999 1148 4053 sic
1170 3999 1198 4054 in
1224 4016 1284 4071 cap.
1307 3998 1355 4068 48.
1378 3999 1510 4062 edoceam,
1531 4017 1581 4072 pro

530 4094 652 4150 edocebo.

592 4283 598 4305 ¹
618 4277 697 4348 [For.
714 4276 845 4349 requirit]
1011 4283 1019 4305 ⁸
1039 4278 1117 4349 [For.
1132 4278 1294 4351 legendum,
1311 4277 1408 4332 dudem
1422 4278 1524 4350 aalma]
