3900 5167
822 443 1124 509 ARCHELAUS.
1454 445 1496 509 15

447 612 624 679 foetebant.
668 610 832 677 Inoessum
853 632 977 698 quoque
1000 612 1239 697 imperatorum,
1265 613 1343 676 dum
1371 613 1496 698 publice

448 734 522 778 oum
551 712 797 797 protectoribus,
827 712 934 797 signis,
965 712 1165 791 draconibus,
1195 713 1322 791 labaris,
1352 713 1494 791 ducibus,

448 814 655 899 principibus,
684 821 719 879 et
746 814 903 900 prefectis
931 814 1043 878 urbem
1074 813 1213 900 eliqnam
1244 815 1494 900 ingrederentur,

448 922 564 979 exeete
582 914 735 980 describit
749 936 818 999 cop.
834 913 952 980 xxxvii.
998 914 1145 999 Denique
1162 915 1202 980 de
1223 915 1389 998 multiplici
1408 914 1494 1001 sigil-

447 1016 553 1080 lorum
572 1023 607 1080 et
624 1015 759 1080 clerium
776 1038 837 1080 usu
856 1016 941 1100 apud
960 1022 1084 1081 veteres
1105 1038 1170 1081 non
1188 1038 1291 1103 panea
1309 1017 1411 1082 tradit
1424 1038 1495 1102 cap.

448 1115 513 1180 xiv.
529 1122 564 1180 et
582 1116 667 1180 xxvi.
690 1116 804 1201 quibus
825 1116 940 1182 similia
960 1138 1091 1202 prorsus
1111 1117 1145 1180 in
1168 1117 1378 1183 Ethnieorum
1397 1118 1495 1202 scrip·

447 1224 557 1281 torum
582 1217 794 1282 monumentis
819 1227 998 1295 occurrunt,
1021 1226 1059 1283 ut
1084 1218 1116 1280 in
1140 1218 1322 1282 nostrised
1346 1240 1385 1283 ea
1410 1220 1495 1284 notis

447 1318 656 1383 ostendimus.
700 1318 752 1382 Ex
774 1319 889 1404 quibus
911 1320 1058 1383 omnibus
1082 1318 1160 1383 satis
1183 1340 1339 1403 superque
1364 1320 1493 1384 demon·
1523 1343 1526 1349 ’

447 1426 575 1484 stratur
589 1420 677 1485 Acta
696 1420 758 1484 ista
776 1419 914 1505 genuine
927 1427 962 1485 et
978 1419 1199 1505 antiquissima
1217 1440 1295 1497 esse,
1310 1441 1368 1485 neo
1385 1442 1494 1485 eorum

446 1519 545 1586 fidem
558 1521 624 1586 ulla
639 1544 679 1586 ex
692 1529 785 1606 parte
800 1529 923 1586 nutare.

492 1621 578 1685 Illud
592 1629 701 1687 umen
716 1622 913 1686 dissimulare
932 1643 996 1685 non
1015 1643 1154 1707 possum,
1171 1624 1258 1687 Acta
1271 1622 1335 1688 iste
1348 1623 1492 1708 disputa-

447 1722 547 1786 tionis
566 1722 716 1787 Archelai
734 1743 805 1786 oum
828 1722 972 1799 Manete,
988 1743 1059 1806 quae
1078 1744 1118 1786 ex
1134 1722 1294 1787 Vaticano
1314 1723 1494 1790 Oasinensie

446 1821 566 1887 codicis
579 1823 763 1908 apographo
777 1822 870 1908 primi
885 1822 1016 1899 edimus,
1031 1822 1157 1908 integre
1172 1845 1372 1909 nequaquam
1383 1825 1492 1904 videri,

447 1923 505 1987 sed
522 1923 666 2008 pluribus
682 1924 716 1987 in
730 1923 807 1987 locis
824 1945 846 1987 a
861 1923 960 1988 veteri
979 1924 1110 1989 librario
1128 1924 1285 1989 mutilata.
1330 1927 1494 2011 Siquidem

447 2022 584 2109 Gyrillns
605 2024 915 2111 Hierosolymitanus
936 2024 969 2088 in
991 2024 1156 2089 Oetechesi
1176 2026 1216 2090 vi.
1231 2047 1304 2112 pag.
1325 2027 1492 2111 mihi147,

447 2126 595 2211 quaednm
615 2126 759 2192 Manetis
776 2132 965 2211 argumente
983 2148 1055 2191 oum
1069 2126 1219 2191 Archelai
1238 2128 1493 2213 responsionibus

446 2228 662 2313 renitetque
684 2228 717 2291 in
739 2236 851 2293 nostra
872 2227 1012 2293 editione
1031 2249 1094 2292 non
1113 2229 1334 2314 reperiuntun
1358 2252 1416 2296 nec
1431 2231 1493 2296 dici

446 2349 541 2413 posse
569 2328 704 2406 videtur,
732 2328 883 2415 cyrillum
908 2328 1056 2394 Archelai
1083 2329 1240 2394 dictorum
1266 2352 1404 2407 sensnm,
1429 2353 1493 2397 non

446 2450 522 2494 vero
534 2429 670 2514 ipsemet
684 2430 835 2495 Archelai
850 2432 950 2496 verbe
963 2431 1119 2506 laudasse,
1132 2452 1203 2494 oum
1218 2430 1319 2495 simile
1330 2432 1492 2516 quidpiam

446 2529 480 2594 in
501 2530 589 2595 nullo
610 2539 729 2597 nostrre
750 2532 898 2598 editionis
919 2533 988 2597 loco
1010 2533 1145 2618 legetur,
1159 2554 1197 2597 ao
1219 2539 1375 2616 praeterea
1396 2535 1493 2600 verba

448 2631 510 2708 illa.
526 2654 598 2716 quae
618 2632 754 2717 cyrillus
776 2634 882 2707 refert,
901 2634 948 2699 ite
970 2640 1123 2719 concepta
1144 2634 1209 2698 sint
1230 2641 1268 2697 ut
1290 2634 1332 2698 ab
1355 2634 1492 2719 ipsomet

448 2733 609 2798 Archelao
623 2734 749 2819 prolate
762 2734 859 2799 fuisse
872 2735 1051 2801 videantur.
1083 2734 1146 2800 Sed
1161 2742 1195 2800 et
1209 2735 1400 2819 conjecturae
1414 2758 1491 2801 non-

447 2834 541 2899 nullae
555 2856 596 2899 ex
615 2843 726 2901 nostra
739 2838 912 2901 eorundem
926 2837 1083 2902 Actorum
1103 2837 1243 2902 editione
1263 2838 1326 2923 peti
1346 2849 1491 2924 possunt,

448 2935 563 3019 quibus
584 2937 721 3021 idipsum
743 2938 876 3003 ulterius
895 2939 1111 3004 confirmatur.
1156 2938 1239 3003 Nam
1265 2938 1298 3002 in
1320 2940 1491 3005 eorundem

447 3056 514 3121 cap.
525 3037 580 3102 xii.
594 3038 662 3102 haec
675 3038 843 3118 habentur,
855 3039 1007 3104 Arcdcdro
1021 3048 1119 3104 autem
1133 3048 1199 3103 erat
1213 3060 1289 3103 cura
1296 3061 1358 3124 pro
1365 3040 1489 3125 populo,

447 3146 592 3223 nepsam
600 3141 722 3225 pastori
732 3162 796 3225 pro
814 3140 926 3220 ουὶὂιω,
942 3163 1010 3205 eum
1025 3140 1165 3226 bosporum
1176 3151 1337 3225 parantur
1356 3143 1489 3207 incidie.

447 3238 553 3323 Ipiter
572 3240 741 3305 Marcum
767 3240 932 3306 Turbonem
952 3240 1124 3306 maeotides
1138 3241 1287 3326 pherimie
1307 3242 1441 3326 replevit,
1463 3254 1491 3307 et

445 3339 480 3403 sis
502 3341 787 3407 Arecomicorum
807 3344 936 3409 recidere
953 3344 1113 3429 precepit.
1157 3343 1277 3407 Eodem
1302 3352 1403 3407 aetem
1420 3345 1490 3428 ἅμα

446 3440 681 3508 &manavit
690 3446 811 3522 Manes,
823 3452 857 3510 et
871 3465 942 3530 quae
957 3450 1142 3529 sequuntur.
1173 3443 1221 3507 At
1236 3465 1310 3507 vero
1325 3443 1369 3506 nil
1386 3444 1419 3508 in
1433 3466 1489 3509 an·

447 3545 665 3610 teoedentibus
689 3554 848 3624 narratur,
873 3547 957 3631 quod
981 3568 1030 3621 ee,
1052 3566 1115 3629 qua
1137 3544 1253 3608 Manes
1275 3544 1414 3621 advenit,
1438 3547 1489 3612 die

446 3643 566 3708 fictum
587 3645 694 3710 fuerit.
738 3647 900 3710 Praeterea
921 3646 954 3710 in
976 3667 1045 3729 cap.
1062 3666 1133 3708 xxv.
1154 3644 1248 3727 hujus
1265 3643 1489 3728 disputationis

448 3745 625 3810 Archelaus
648 3747 707 3823 ait,
730 3749 840 3811 Nonne
864 3748 975 3814 David
996 3768 1032 3811 eo
1056 3766 1106 3810 ore
1131 3745 1224 3809 leonis
1246 3745 1294 3809 oei
1316 3744 1383 3809 urei
1408 3746 1489 3809 eruit

447 3850 553 3911 oven?
575 3847 643 3911 Hoc
656 3848 785 3912 dicim
796 3859 921 3934 propter
934 3870 984 3912 ore
997 3848 1095 3924 leonte,
1111 3846 1192 3932 qood
1204 3846 1259 3922 nit,
1271 3846 1309 3909 de
1322 3868 1373 3910 ore
1387 3845 1486 3924 leonis,

447 3959 500 4013 out
513 3949 551 4012 de
565 3959 664 4013 ventre
677 3951 740 4033 ejice
749 3959 846 4032 potest
859 3950 990 4023 educere,
1006 3948 1163 4035 quodjam
1177 3947 1231 4012 ille
1244 3948 1407 4011 nonant.
1438 3950 1488 4012 At

447 4070 519 4113 vero
534 4051 568 4113 in
581 4050 842 4115 antecedentibus
856 4073 920 4115 non
938 4050 1071 4136 legimus
1085 4050 1152 4112 hoeo
1165 4070 1305 4132 unquam
1320 4070 1339 4111 a
1356 4046 1488 4111 Manete

448 4150 532 4215 dieta
546 4152 651 4215 inisse.
683 4152 766 4233 Quin
780 4159 813 4216 et
828 4152 860 4215 in
875 4173 944 4235 oap.
954 4151 1083 4215 xxxviii.
1096 4150 1191 4214 verba
1201 4149 1266 4228 illa,
1283 4150 1357 4227 Qec
1367 4148 1488 4233 quidem

448 4272 494 4334 opo
515 4272 575 4315 eoa
595 4274 631 4315 ee
651 4253 725 4317 meio
745 4251 841 4315 verbis
861 4262 972 4325 autrico,
989 4260 1022 4316 et
1044 4272 1114 4335 quae
1135 4256 1310 4334 sequuntur
1327 4249 1488 4333 usquead

448 4350 538 4417 finem
553 4353 677 4438 capitis,
694 4352 812 4417 nullom
827 4374 897 4417 oum
918 4351 1171 4437 praeoedentibus
1185 4348 1412 4415 connexionem
1432 4348 1487 4413 hoe
