3900 5167
821 446 1133 511 DlSPUTATIO.
1457 446 1499 512 95

450 644 577 693 omnes
593 621 717 692 mnndi
733 631 853 714 partes
868 615 941 692 keu
959 643 1059 713 aquo
1077 629 1114 692 et
1134 621 1243 712 justo,
1262 619 1345 690 solis
1362 618 1500 712 fulgore

450 738 683 809 luminantnr.
734 737 773 809 Si
798 761 893 833 ergo,
911 746 953 808 ιιι
978 739 1137 830 superius
1163 737 1326 818 diximus,
1345 735 1500 806 occidua

451 855 565 950 plague
589 877 670 948 pars
694 854 874 926 auferatur
890 876 911 925 e
927 854 1055 936 medio,
1072 853 1168 923 ultra
1187 853 1262 944 jam
1284 874 1355 922 non
1377 851 1502 922 obscu-

450 972 589 1043 rabitur
613 994 701 1064 pars,
719 994 796 1063 quae
821 971 855 1041 ei
880 971 1029 1062 adjacet.
1080 967 1130 1039 Et
1147 968 1225 1039 haec
1242 968 1385 1059 quidem
1413 965 1500 1037 mihi

450 1085 647 1179 simplicius
664 1085 856 1167 dictasint,
873 1107 956 1155 cum
981 1085 1112 1177 possim
1133 1091 1171 1154 et
1188 1083 1372 1154 zodiacum
1390 1082 1503 1152 circu·

451 1201 530 1272 lum
546 1202 764 1285 describere3
788 1195 871 1272 lsed
889 1223 961 1270 non
977 1202 1068 1271 intui
1092 1224 1187 1271 nunc
1204 1199 1280 1271 fieri
1297 1206 1395 1270 ratus
1412 1220 1500 1280 sum,

451 1318 711 1413 propterquod
735 1318 779 1388 de
804 1317 859 1388 bis
884 1316 1008 1401 silebo,
1027 1318 1126 1388 etad
1151 1316 1240 1388 illud
1257 1322 1366 1410 caput
1383 1335 1500 1384 recur-

451 1456 540 1513 ram,
556 1433 651 1524 quod
668 1432 800 1525 objecit
820 1433 1052 1516 adversarius,
1069 1432 1245 1503 affirmans
1260 1432 1388 1502 ¹¹¹omni
1413 1430 1500 1512 nisu,

452 1549 619 1621 tenebras
651 1572 728 1621 esse
761 1550 946 1643 ingenitas,
974 1550 1069 1641 quod
1102 1558 1140 1619 et
1174 1550 1299 1641 ipsum,
1327 1554 1501 1640 quantum
1611 1560 1614 1566 '

452 1662 638 1747 valuimus,
650 1666 729 1758 jam
745 1665 968 1736 confutatum
987 1674 1052 1737 est.

503 1777 646 1850 XXIII.
670 1776 827 1851 Juurcns
853 1799 1056 1862 nrxusurm
1084 1778 1123 1850 Si
1153 1780 1414 1856 consideremus
1447 1782 1502 1856 lu-

453 1919 535 1968 cem
559 1895 668 1967 fuisse
697 1905 781 1966 ante
807 1897 1048 1967 conditionem
1074 1905 1322 1982 creaturarum,
1348 1909 1386 1970 et
1413 1901 1500 1971 nihil

453 2011 563 2082 fuisse
580 2011 769 2102 objectum,
786 2010 882 2102 quod
908 2031 954 2080 ex
977 2032 1016 2080 se
1040 2010 1203 2081 umbram
1227 2025 1422 2105 generaret,
1440 2039 1502 2087 ns·

452 2149 554 2198 cesse
570 2134 625 2198 εει
641 2125 758 2196 lucem
775 2127 907 2218 ubique
924 2126 1033 2196 fuisse
1050 2126 1220 2210 diffusam,
1235 2139 1272 2200 et
1289 2133 1407 2202 omnia
1424 2131 1502 2203 loca

454 2241 594 2336 fulgore
619 2241 707 2312 lucis
731 2241 940 2324 illuminata,
963 2242 1057 2314 sicut
1082 2252 1262 2314 ostensum
1288 2256 1343 2318 est
1368 2248 1501 2329 erbis,

453 2383 533 2452 qnae
557 2382 580 2430 a
604 2369 642 2429 te
670 2380 783 2451 nuper
812 2359 907 2429 dicta
936 2366 1029 2440 sunt,
1058 2359 1096 2428 in
1127 2360 1253 2450 quibus
1279 2384 1398 2433 veram
1426 2385 1502 2434 esse

454 2476 629 2569 rationem
663 2476 834 2558 videntes,
868 2474 994 2545 damus
1035 2474 1189 2567 palmam
1231 2476 1501 2572 allegationibus

456 2590 633 2662 Archelai.
684 2590 723 2662 si
757 2590 852 2661 enim
885 2588 1095 2662 divisionem
1136 2593 1286 2685 accipiat
1319 2595 1502 2667 universus

457 2707 621 2789 mundus,
639 2705 750 2777 veluti
766 2728 870 2777 muro
886 2706 1041 2798 quodam
1064 2729 1128 2798 per
1143 2708 1301 2777 medium
1319 2709 1502 2793 instructo,

456 2833 493 2895 et
516 2845 564 2893 ex
587 2845 658 2893 una
681 2832 782 2915 parte
803 2822 965 2893 habitent
991 2822 1154 2905 tenebra,
1171 2845 1217 2893 ex
1242 2823 1312 2894 alia
1329 2847 1411 2896 vero
1428 2826 1504 2910 lux,

457 2938 668 3032 intelligitur
683 2939 921 3020 nihilominus,
939 2938 1023 3029 quia
1040 2960 1086 3008 ex
1104 2961 1156 3020 eo,
1175 2938 1270 3029 quod
1291 2940 1503 3012 instructum

458 3066 511 3127 est
537 3056 739 3137 aedificinm,
766 3054 893 3124 umbra
916 3063 1093 3147 generata,
1118 3053 1310 3124 acciderint
1335 3056 1503 3126 tenebrae.

461 3172 509 3243 Et
536 3193 675 3242 rursum
701 3171 802 3241 nobis
825 3170 1052 3263 quaerendum
1083 3175 1147 3250 est,
1177 3170 1255 3260 quia
1280 3171 1505 3242 aedificaverit

460 3308 600 3357 murum
620 3286 658 3355 in
682 3285 802 3355 medio
819 3284 980 3366 duorum,
998 3284 1028 3354 si
1046 3288 1166 3354 tamen
1188 3285 1399 3355 aedificatum
1417 3286 1506 3356 fate·

461 3402 514 3486 ris,
544 3426 567 3472 o
599 3399 810 3471 Maniobaee.
862 3398 901 3470 Si
931 3422 1015 3470 vero
1043 3398 1104 3469 illa
1136 3401 1227 3470 ratio
1254 3402 1505 3486 consideretur,

462 3520 556 3610 quasi
582 3540 704 3588 murus
729 3538 801 3585 non
831 3515 884 3584 sit
904 3514 1107 3598 instructus,
1138 3538 1256 3586 rursus
1286 3516 1361 3586 sine
1388 3516 1506 3609 aliqua

463 3635 670 3727 exceptione
686 3654 778 3703 unus
795 3634 871 3701 esse
895 3631 1078 3702 universus
1103 3630 1314 3725 intelligitur
1339 3631 1446 3714 locus,
1464 3656 1505 3704 ac
1560 3663 1565 3670 ’

498 3857 515 3902 ¹¹
531 3860 566 3917 In
576 3858 674 3916 codice
686 3855 834 3915 casinensi
847 3856 961 3932 legitur,
977 3876 1011 3913 ec
1023 3875 1055 3913 eu
1068 3875 1127 3932 quo.
1149 3865 1178 3914 et
1192 3876 1259 3914 mox
1265 3856 1392 3931 sulpure.

500 3955 507 4001 ¹
529 3958 624 4015 Locus
638 3955 786 4013 manifeste
800 3964 958 4029 corruptus,
977 3956 1058 4030 cujus
1073 3955 1142 4011 mihi
1158 3955 1319 4013 emendatio
1333 3973 1390 4010 non
1405 3972 1504 4011 occur·

466 4055 506 4112 rit.
543 4056 602 4128 (An
617 4052 769 4129 reponend.
784 4053 858 4109 istud
871 4071 922 4126 pro
937 4052 1042 4123 inruit)

501 4165 525 4196 ¹¹¹
546 4154 580 4210 ln
596 4151 744 4209 Casinensi
765 4158 834 4215 erat,
849 4151 919 4207 omui
939 4151 1002 4207 uiui.
1025 4150 1075 4207 sed
1096 4150 1259 4225 legendum,
1275 4154 1345 4205 enni
1365 4150 1435 4213 nisse,
1451 4150 1506 4206 hoc

467 4264 515 4319 est,
530 4253 607 4310 omni
621 4260 741 4315 conatu;
763 4249 884 4306 formula
898 4248 1008 4306 dicendi
1029 4248 1095 4305 huic
1115 4249 1263 4323 interpreti
1283 4248 1396 4305 usitata.
1432 4248 1506 4305 Vide

469 4369 524 4426 cap.
541 4368 590 4421 40.
605 4359 634 4406 et
649 4349 802 4423 presertim
818 4365 879 4421 cap.
890 4365 939 4419 47.
