3900 5167
539 436 604 497 220
907 436 938 497 S.
955 434 1228 499 AUGUSTINI

590 608 686 677 Huic
706 608 954 700 respondetur:
982 608 1184 678 Secundum
1212 609 1463 701 scripturorum
1490 631 1582 679 sanc·

539 734 654 794 tarum
685 726 932 794 auctoritatem
963 726 1120 794 decrevit
1150 723 1340 794 concilium
1371 724 1581 795 catholicum

539 839 631 910 orbis
655 851 837 921 terrarum,
856 840 963 909 etiam
990 842 1026 909 in
1052 840 1224 909 hoereticis
1249 840 1437 908 inventum
1455 839 1580 909 Christi

537 954 750 1046 baptismum
779 978 848 1024 non
874 978 950 1024 esse
974 956 1255 1046 improbandum.
1306 955 1344 1025 Si
1375 963 1497 1023 autem
1525 977 1583 1046 po-

537 1079 637 1139 neret
664 1071 868 1140 testimonia
895 1070 1153 1161 Scripturarum
1182 1079 1244 1139 aut
1272 1079 1397 1139 contra
1423 1092 1489 1139 nos
1515 1092 1581 1138 nou

536 1208 624 1268 esse,
642 1196 704 1256 out
724 1187 830 1255 ctiam
854 1209 916 1277 pro
941 1186 1044 1255 nobis
1069 1208 1144 1256 csso
1170 1185 1514 1257 demonstraremus:
1540 1187 1581 1254 si-

535 1312 597 1371 cut
615 1302 774 1392 eccequi
793 1324 875 1370 eum
894 1302 1062 1392 sequitur.

292 1465 297 1474 .
372 1423 490 1480 cir-1⁴·
587 1412 749 1498 (iunctus
771 1415 933 1485 aCastro
951 1414 1076 1484 Galbae
1099 1416 1210 1484 dixit:
1238 1412 1327 1486 Cum
1345 1411 1522 1484 Dominus
1546 1416 1581 1483 in

372 1552 498 1603 mv.
535 1530 725 1628 Enanqelio
741 1555 803 1600 suo
819 1530 959 1608 diacrit,
988 1527 1054 1599 Vos
1080 1532 1161 1599 estis
1185 1526 1240 1598 sal
1263 1535 1389 1607 terrm
1415 1530 1449 1597 si
1474 1538 1581 1598 autam

377 1632 412 1679 '³'
534 1644 590 1715 sal
604 1644 811 1741 infatuatum
823 1641 952 1738 fuerit,
970 1642 1010 1713 id
1026 1643 1117 1738 qnod
1136 1642 1280 1714 satiatur
1296 1667 1341 1712 en
1361 1667 1410 1726 eo,
1429 1643 1478 1713 ad
1494 1642 1581 1713 attt-

408 1771 411 1775 ’
534 1759 604 1831 lum
622 1759 753 1842 valebit,
771 1761 841 1829 nisi
859 1769 895 1829 ut
911 1757 1246 1854 proiciaturfmas,
1264 1766 1295 1828 et
1312 1758 1526 1829 conculcetur
1542 1758 1580 1828 ab

535 1875 748 1948 hominibus:
777 1884 808 1945 et
833 1878 957 1945 iterum
977 1883 1058 1968 post
1078 1878 1360 1946 resurrectionem
1383 1899 1482 1944 sicam
1507 1878 1580 1944 mit-

373 2007 465 2087 Mauu.
536 2001 608 2063 tens
625 1990 808 2086 Apostolos
825 2015 903 2061 suos
928 1990 1154 2077 mandauerit,
1172 1991 1298 2068 dicens,
1315 1990 1413 2062 Data
1430 2000 1480 2062 est
1497 1989 1579 2061 milri

372 2089 456 2122 unu.
471 2074 509 2122 ιε’
536 2110 647 2179 omnis
671 2115 816 2195 potestas
841 2109 880 2176 in
903 2106 986 2178 ccclo
1007 2117 1038 2178 et
1055 2111 1093 2178 in
1111 2116 1226 2187 terra:
1252 2110 1299 2177 ite
1315 2132 1406 2205 eryo,
1424 2118 1456 2178 ct
1473 2107 1581 2179 docete

535 2247 649 2293 omnes
662 2232 788 2320 nentes,
801 2222 1011 2317 baptizantes
1028 2247 1084 2294 eos
1101 2225 1139 2293 in
1158 2225 1294 2294 nomine
1306 2222 1432 2293 Patris
1448 2232 1480 2292 ct
1492 2222 1531 2293 F
1528 2221 1580 2292 iii-i

533 2348 566 2409 et
581 2337 874 2433 Spiritu-sancti.
928 2337 1041 2426 Quum
1059 2359 1139 2433 erqo
1162 2335 1381 2432 manifestum
1406 2340 1454 2407 sit
1476 2336 1580 2408 lroere·

534 2457 626 2538 ticos,
651 2453 691 2524 id
715 2462 771 2534 est,
795 2451 904 2523 Irostcs
923 2451 1067 2533 Christi,
1086 2477 1154 2523 non
1180 2456 1348 2550 inteqram
1374 2457 1579 2525 sacrament

533 2566 775 2663 consessionem
793 2564 936 2637 habere:
964 2570 1043 2638 item
1061 2566 1291 2639 schismaticos
1305 2590 1374 2638 non
1385 2590 1489 2662 possa
1505 2592 1580 2639 con·

534 2682 610 2752 dire
638 2684 807 2777 sapientia
837 2683 1002 2777 spiritali,
1029 2709 1131 2779 quam
1158 2686 1227 2779 ipsi
1254 2683 1294 2755 ab
1312 2682 1481 2767 Ecclesia,
1508 2709 1579 2779 quaa

534 2823 603 2869 arra
625 2808 681 2880 est,
700 2799 884 2870 recedendo
908 2800 1074 2893 infatuati
1099 2804 1269 2872 contrarii
1283 2800 1380 2896 sacti
1404 2805 1499 2880 sint‚·
1513 2803 1580 2894 flat

372 2916 621 3006 Provmvasicut
646 2917 810 3007 scriptam
837 2924 895 2996 est,
914 2915 1049 2986 Domus
1075 2920 1328 2987 corrtrariorum
1355 2917 1441 3014 leqis
1468 2916 1580 2987 debent

370 3022 414 3055 ¹⁴⁰⁰
426 3021 491 3054 ω’
533 3030 826 3101 emundationem:
855 3040 886 3100 et
903 3055 1106 3125 consequens
1123 3042 1170 3102 cst
1188 3057 1243 3103 eos
1261 3034 1321 3127 qui
1347 3058 1368 3102 a
1395 3034 1580 3103 contrariis

532 3146 696 3240 baptizati
716 3148 888 3241 inquinati
905 3157 985 3217 sum
1000 3151 1119 3241 prium
1133 3151 1291 3244 porcani,
1310 3157 1341 3217 ct
1358 3157 1429 3218 tum
1447 3148 1578 3219 deornm

531 3260 728 3354 baptizari.)

584 3377 714 3447 Lucius
731 3401 751 3445 s
769 3376 893 3446 Castro
912 3378 1035 3448 Galbae
1059 3403 1104 3447 ex
1124 3379 1318 3472 Evangelio
1344 3381 1464 3470 posuit
1483 3380 1580 3448 testi-

369 3516 458 3565 nnuh.
472 3533 495 3565 v.
532 3494 700 3572 monium,
719 3493 859 3563 dicento
878 3493 1043 3574 Domina,
1073 3492 1137 3564 Vos
1160 3495 1239 3563 ostis
1260 3491 1315 3562 sal
1335 3503 1447 3577 terrea,
1466 3496 1500 3562 si
1519 3518 1579 3563 an-

371 3596 407 3641 ¹³'
532 3618 595 3678 tem
623 3607 678 3678 sat
703 3608 912 3701 infatuatam
926 3609 1053 3703 suerit,
1073 3610 1112 3679 id
1134 3609 1225 3703 qaod
1245 3608 1389 3679 salietur
1407 3634 1452 3680 ac
1470 3635 1518 3695 co,
1536 3608 1580 3678 cd

531 3723 622 3794 niln‘l
644 3724 773 3806 calebit,
793 3726 863 3793 nisi
890 3734 926 3794 nt
946 3726 1158 3818 projiciatur
1170 3725 1289 3819 saras,
1309 3734 1340 3794 et
1365 3724 1578 3796 conculcetur

530 3839 570 3909 ab
583 3840 798 3911 horninibus:
823 3843 920 3932 quasi
939 3865 1002 3910 uos
1020 3844 1178 3913 dicamus
1196 3843 1357 3910 homiues
1374 3842 1470 3932 ipsos
1490 3843 1578 3911 foras

529 3959 704 4049 projectos
721 3959 853 4048 aliquid
873 3957 999 4040 valere,
1018 3957 1073 4027 vel
1093 3960 1136 4027 ad
1161 3981 1260 4028 suam
1279 3956 1334 4025 vel
1358 3959 1403 4027 ad
1429 3958 1575 4027 oliorum

572 4120 649 4177 iHic
672 4122 782 4194 adjecta
803 4121 870 4177 item
894 4123 972 4178 fuere
992 4122 1019 4177 in
1044 4122 1153 4178 Erasini
1176 4123 1298 4179 editione
1324 4132 1353 4179 et
1376 4123 1576 4195 posterioribus

529 4216 607 4270 libris
621 4216 707 4270 verba
723 4216 811 4279 Lucii,
832 4237 893 4290 quae
916 4226 982 4272 unte
1003 4218 1120 4273 aberunt
1142 4219 1177 4274 ab
1193 4221 1257 4273 Am.
1273 4227 1301 4273 et
1317 4217 1408 4273 MSS.
1454 4218 1576 4287 (Omissa

530 4323 594 4368 sunt
611 4313 689 4368 Lucii
704 4314 789 4368 verba
803 4315 831 4369 in
847 4314 916 4369 meis
931 4315 1072 4384 Msstis.)
