3900 5167
539 467 603 545 1'52
762 481 1016 545 ARCHELAI
1046 481 1110 545 ΕΤ
1140 481 1361 546 MANETIS

537 655 610 722 imo
628 675 711 722 vero
727 654 835 723 etiam
855 653 926 722 dno
942 654 1081 722 minuta
1096 653 1319 746 pauperculae
1336 654 1452 724 viduae
1476 654 1579 727 liben-

536 776 593 836 ter
615 768 865 859 suscipiuntur,
881 768 918 835 in
935 789 1006 859 qno
1027 767 1178 860 amplius
1201 767 1347 860 aliquid,
1365 790 1474 860 quam
1491 769 1579 859 quod

537 879 683 974 Moyses
707 894 920 976 praeeeperat
946 884 992 952 de
1016 884 1239 975 suscipienda
1263 885 1416 975 pecunia
1440 884 1580 953 demon·

536 1006 680 1067 stratur.
712 996 780 1067 Ille
796 999 892 1067 enim
911 998 978 1068 rab
994 998 1062 1081 his,
1081 999 1143 1090 qui
1160 998 1350 1079 habebant,
1366 998 1580 1093 accipiebat3

535 1112 593 1182 hie
610 1122 732 1182 antem
749 1114 878 1205 ancipit
895 1116 1004 1183 etiam
1021 1112 1067 1183 ab
1083 1114 1148 1194 his,
1166 1115 1226 1204 qui
1244 1135 1315 1182 non
1332 1113 1478 1183 habent
1513 1112 1580 1183 Sed

535 1228 596 1306 ait,
625 1229 794 1318 seriptum
816 1236 883 1309 est,
910 1225 1011 1296 ¹Niei
1037 1228 1116 1321 quis
1142 1228 1393 1298 rmuntiooerit
1417 1225 1581 1308 omuibus,

536 1366 614 1436 quoe
635 1342 797 1436 possidet,
815 1366 884 1413 noa
904 1352 1016 1436 potest
1039 1366 1132 1413 meua
1154 1367 1225 1413 esse
1247 1341 1449 1438 discipulus.
1494 1342 1583 1413 Rur-

535 1478 613 1526 sum
644 1457 748 1526 video
777 1457 1021 1527 centurionem
1048 1457 1151 1527 valde
1184 1460 1342 1539 divitem,
1367 1467 1408 1528 et
1434 1457 1581 1529 seculari

535 1572 723 1662 preditum
740 1581 919 1664 potestate
936 1573 1043 1643 fidem
1062 1573 1192 1643 habere
1214 1573 1402 1666 plusquam
1419 1582 1580 1643 ¹omnem

536 1686 752 1769 Israelitam3
778 1695 819 1756 ut
841 1688 869 1756 si
892 1688 971 1779 quis
997 1687 1074 1769 fuit,
1092 1688 1200 1757 etiam
1222 1690 1282 1779 qui
1307 1689 1580 1768 renuntiaverat,

533 1825 556 1872 a
580 1804 787 1872 centurione
816 1813 1003 1894 superatur
1035 1804 1072 1871 in
1103 1803 1183 1872 fide.
1234 1802 1327 1872 ⁸sed
1356 1803 1454 1873 diuet
1482 1803 1581 1873 nobis

534 1921 622 2011 quis,
649 1941 719 1987 non
745 1927 801 1988 est
825 1941 909 2011 ergo
934 1918 1067 1988 bonnm
1100 1919 1301 1989 renuntiare
1327 1918 1484 1988 divitiis?
1511 1918 1580 1988 Bo

533 2055 628 2114 num,
652 2034 808 2123 inquam,
835 2034 900 2115 his,
926 2034 988 2124 qui
1018 2042 1185 2125 possunt3
1211 2029 1292 2102 bsed
1320 2034 1421 2103 abuti
1448 2033 1580 2103 divitiis

532 2148 577 2217 ad
595 2170 684 2239 opus
702 2148 856 2239 justitiae
878 2158 987 2238 atque
1009 2149 1257 2218 misericordia
1282 2170 1403 2239 parem
1429 2149 1579 2241 gratiam

533 2262 669 2342 tribuit,
695 2284 737 2331 ao
762 2264 790 2332 ei
818 2264 989 2333 universis
1013 2264 1146 2355 pariter
1167 2263 1402 2332 renuntietur.
1454 2263 1513 2333 De
1538 2285 1579 2332 eo

532 2392 654 2447 autem
681 2379 774 2468 quod
802 2379 900 2460 dicit,
930 2379 1151 2448 destructum
1178 2400 1255 2447 esse
1281 2377 1481 2459 sabbatum,
1509 2400 1578 2446 non

531 2492 636 2584 plane
653 2494 850 2575 destruxit3
878 2495 970 2585 'ipse
987 2494 1082 2562 enim
1102 2502 1118 2536 ⁰
1125 2492 1299 2563 Dominus
1321 2503 1399 2563 erat
1421 2492 1578 2573 sabbati3

531 2617 700 2697 tanquam
724 2610 753 2677 si
779 2610 895 2698 sponsi
915 2609 994 2698 quis
1011 2608 1213 2677 custodiens
1229 2606 1372 2676 thorum
1391 2606 1579 2699 diligenter

531 2719 769 2803 ‘'extr-uotum,
795 2744 817 2791 a
845 2721 943 2791 nullo
972 2722 1042 2793 allo
1071 2732 1241 2791 extraneo
1268 2722 1388 2790 vexari
1416 2719 1472 2789 vel
1496 2744 1577 2791 oon·

531 2838 621 2929 tingi
646 2839 835 2928 ‘patiatur
859 2861 1041 2929 usquequo
1069 2840 1143 2929 ipse
1173 2858 1320 2927 sponsus
1339 2836 1515 2918 adveniat,
1541 2846 1576 2905 et

532 2974 614 3021 enm
640 2952 834 3034 advenerit,
852 2962 964 3022 strato
990 2975 1065 3032 suo,
1087 2954 1178 3022 siout
1202 2952 1353 3031 libuerit,
1371 2959 1503 3032 utatur,
1521 2949 1575 3019 vel

532 3066 578 3146 hi,
597 3090 684 3157 qnos
709 3069 784 3158 ipse
807 3090 926 3136 secum
946 3070 1092 3158 jusserit
1115 3068 1269 3136 introire.
1320 3065 1575 3134 Testimonium

532 3182 638 3250 etiam
665 3184 765 3251 dedit
786 3182 849 3263 his,
867 3206 945 3274 qua
968 3183 1129 3264 dicimus,
1149 3181 1276 3251 caelesti
1296 3203 1382 3250 voee
1408 3182 1483 3272 ipse
1506 3178 1577 3248 Do-

573 3449 585 3485 t'
601 3438 680 3494 ldem
696 3439 795 3502 codex,
810 3440 844 3494 ob
858 3439 902 3495 tis
913 3441 1103 3504 tantummodo,
1120 3440 1166 3515 qui
1180 3438 1309 3523 debebunt
1323 3438 1495 3511 sosdpiebot.

572 3546 584 3571 ²
607 3534 687 3591 Idem
709 3536 809 3601 codex,
832 3556 932 3592 omnem
953 3537 1066 3603 Isroe³15
1087 3545 1117 3592 ot
1138 3540 1163 3591 si
1182 3540 1240 3611 quis
1252 3535 1357 3609 fuerit.
1395 3535 1474 3606 (For.
1495 3535 1575 3609 paulo

530 3640 604 3705 post,
618 3635 783 3705 superetur.)

571 3737 587 3770 ⁸
601 3727 699 3783 Coden¹
717 3728 877 3794 Bobienais,
893 3731 967 3785 dicit.

572 3819 587 3863 b
602 3824 750 3879 Bobiensis
764 3825 864 3888 codex,
879 3827 965 3881 sedet
980 3826 1064 3881 obuli.
1096 3825 1189 3891 Forte,
1201 3824 1250 3879 sed
1262 3833 1288 3879 et
1302 3825 1351 3887 uti,
1366 3823 1421 3885 vel,
1436 3824 1573 3879 sedetiam

530 3921 579 3974 uti.
616 3920 735 3992 (Adator
748 3939 800 3994 pro
816 3930 878 3977 utor
892 3922 1027 3977 usitatum
1042 3922 1107 3991 est.)

572 4025 585 4055 ⁰
600 4015 698 4071 Codex
715 4016 887 4082 Casinensis,
903 4018 989 4073 Deus.

552 4103 645 4167 'dlu
659 4112 721 4167 cod.
737 4112 902 4177 Bobiensia;
925 4133 990 4169 nam
1007 4113 1170 4169 Casinensie
1185 4113 1266 4179 male,
1282 4113 1411 4168 extrusit.

572 4215 585 4246 θ
601 4206 680 4262 Idem
695 4207 795 4274 codex,
807 4208 927 4282 potitur.
961 4210 998 4264 Et
1013 4228 1090 4272 mox,
1106 4227 1172 4283 quos
1184 4228 1281 4265 secum.

656 4381 663 4403 ¹
679 4376 747 4432 Luc.
764 4377 820 4432 xiv.
834 4396 882 4449 33.
904 4379 979 4437 Mat,
995 4380 1052 4436 viii.
1071 4400 1112 4437 ro.
1249 4386 1258 4408 ¹
1273 4382 1347 4438 Mat.
1364 4382 1410 4439 xii.
1428 4384 1455 4440 8.
