3900 5167
595 251 916 336 ¹ECCLESIAE
961 251 1388 351 AQUILEIENSIS,

447 498 807 612 BEFERENTE
837 503 1079 568 'RUFINO
1107 504 1513 583 AQUILEIENSI,

740 726 1241 825 ’SYMBOLUM

852 993 1131 1035 —4-

522 1173 740 1255 ⁴CREDO
770 1173 814 1254 in
840 1174 931 1273 Deo
958 1174 1094 1270 Patre,
1118 1171 1405 1281 omnipotenti,
1428 1170 1508 1251 ⁵in·

461 1315 616 1397 visibili
651 1329 694 1398 et
726 1315 991 1426 impassibili:
1021 1317 1081 1398 Et
1109 1317 1153 1396 in
1182 1315 1300 1397 ⁶Jesu
1330 1313 1511 1405 Christo,

917 1550 1073 1614 NOTAE.

508 1678 516 1701 ¹
531 1668 740 1726 ECCLESIAE
754 1670 1058 1745 AQUILEIENSIS]
1076 1669 1204 1729 Celebris
1218 1669 1272 1726 fuit
1292 1669 1411 1727 ecclesia
1426 1671 1514 1745 Aqui-

464 1767 590 1833 leiensis,
605 1768 686 1841 cnjus
706 1766 855 1842 episcopus
871 1768 1039 1825 Theodorus
1060 1775 1126 1826 ante
1148 1765 1290 1843 synodum
1312 1767 1463 1825 Nicaenam
1484 1770 1515 1828 in

467 1862 596 1919 Concilio
610 1862 771 1919 Arelatensi
785 1864 868 1921 sedit.

506 1959 516 1983 ¹
531 1957 701 2033 RUFINO]
723 1960 852 2027 Rufinus,
868 1961 915 2036 qui
929 1961 985 2018 hoo
999 1961 1158 2037 symbolum
1172 1960 1354 2036 Aquileiense
1368 1979 1386 2018 s
1398 1963 1513 2038 majori·

467 2055 521 2113 bus
542 2055 660 2130 aceepit,
684 2055 839 2113 exsistente
863 2057 968 2115 saeculo
998 2066 1108 2134 quarto,
1128 2057 1178 2115 rix
1197 2057 1403 2134 quinquaginta
1426 2078 1517 2116 annos

465 2160 532 2227 post
553 2151 712 2209 Concilium
730 2151 892 2222 Nioaenum‚
915 2154 943 2210 S.
963 2154 1141 2231 Hieronymo
1164 2163 1250 2213 notus
1269 2155 1341 2220 suin
1364 2154 1432 2212 dum
1460 2158 1514 2231 ipsi

468 2250 574 2308 Rufino
595 2261 681 2311 notus
702 2253 756 2311 tuit
774 2254 877 2311 Paulus
895 2254 972 2311 Petri
985 2253 1179 2319 Alexandrini,
1194 2254 1310 2311 ineunte
1331 2253 1387 2310 hoo
1409 2256 1513 2312 saeculo

467 2350 608 2425 martyris,
623 2351 783 2426 discipulus.
825 2350 892 2408 Vid.
907 2371 993 2426 supra
1006 2351 1061 2408 vot
1077 2351 1129 2407 IV.
1144 2370 1172 2425 p.
1187 2367 1234 2406 22.

506 2445 774 2522 ⁸SYMBOLUM]
797 2447 895 2524 Pergit
908 2449 1029 2506 Rufinus
1047 2454 1113 2521 post
1132 2446 1300 2521 principium
1319 2445 1513 2505 Commentarii

467 2542 556 2599 sniis
577 2542 734 2617 Symbolum
758 2543 820 2601 haec
844 2543 986 2601 scribere:
1030 2543 1129 2601 Verum
1148 2543 1308 2619 priusquam
1332 2544 1458 2619 incipiam
1481 2547 1514 2602 de

466 2639 534 2714 ipris
546 2657 698 2697 semorum
712 2640 753 2712 (in
768 2639 919 2715 Symbolo)
934 2640 1083 2698 virtutibus
1096 2641 1245 2717 disputare,
1260 2639 1332 2696 titud
1342 2658 1396 2696 non
1409 2641 1511 2716 impor-

466 2745 529 2793 tune
552 2738 764 2796 commonendum
783 2745 861 2813 puto,
879 2739 951 2813 quod
969 2740 997 2795 in
1021 2738 1137 2795 diversis
1160 2737 1280 2794 ecclesiis
1301 2736 1395 2812 aliqua
1418 2738 1447 2794 in
1468 2737 1513 2796 iis

465 2833 555 2891 serbis
568 2833 738 2891 inveniuntur
750 2835 865 2908 adjecto.
907 2835 943 2892 Iu
961 2834 1074 2892 ecclesio
1093 2842 1182 2890 tamen
1200 2834 1276 2891 urbis
1288 2834 1384 2891 Rome
1397 2834 1448 2892 hoo
1461 2855 1512 2894 son

465 2930 672 3006 dqrretsenditur
686 2930 817 3006 fartum:
837 2949 890 3005 pro
912 2950 943 2988 eo
967 2932 1098 2996 arbitror,
1122 2930 1295 3006 quoiusque
1319 2930 1430 2987 heresis
1453 2932 1511 2990 ulls

465 3026 523 3084 illic
548 3028 664 3103 sumpsit
691 3028 848 3094 exordium
869 3036 896 3085 et
917 3046 975 3085 mos
999 3028 1066 3086 inibi
1093 3034 1219 3085 servatur
1241 3028 1375 3103 antiquus,
1398 3033 1513 3105 eosqui

463 3124 583 3199 qratiom
605 3123 731 3199 baptismi
751 3125 904 3200 mceptrri
924 3134 998 3192 sunt,
1013 3125 1130 3201 publice,
1155 3124 1186 3181 td
1204 3132 1254 3189 est,
1265 3124 1391 3200 fidelium
1409 3128 1512 3202 populo

464 3221 596 3286 redime,
613 3220 765 3295 Symbolum
779 3221 899 3279 reddere.
942 3221 984 3278 Et
1005 3222 1098 3298 utique
1118 3222 1294 3295 adjectionem
1317 3222 1396 3278 sniss
1415 3221 1511 3280 saltem

463 3318 604 3383 semoris,
623 3336 723 3384 eorum,
748 3318 795 3393 qui
812 3326 1012 3394 precesserunt
1034 3319 1063 3376 in
1077 3320 1145 3394 fide,
1171 3337 1223 3376 non
1248 3319 1371 3377 admittit
1394 3320 1511 3378 auditus.

463 3412 500 3471 In
523 3414 631 3472 ceteris
652 3424 739 3473 autem
759 3415 836 3485 loeis,
861 3424 988 3493 quastm
1008 3416 1126 3494 tnretttqt
1149 3418 1240 3486 datur,
1260 3424 1378 3494 propter
1398 3416 1510 3474 musul-

938 3533 959 3575 u
974 3532 997 3575 u
1013 3528 1031 3577 2
