3900 5167
498 254 540 317 16
867 255 1172 320 ARCHELAUS.

497 424 572 488 bere
587 423 742 487 videntur.
783 424 847 509 [At
861 446 935 488 vero
950 424 1014 489 ista
1028 447 1098 489 cum
1114 425 1258 510 judicum
1272 425 1379 503 dictis,
1394 447 1467 512 quse
1480 426 1540 492 fine

497 545 566 609 oap.
578 542 615 606 27
627 526 815 600 referuntur,
828 526 1029 611 aliquatenus
1038 527 1186 611 conjungi
1198 526 1369 613 videntur.]
1396 527 1539 614 Denique

497 627 530 689 in
551 628 664 691 horum
682 630 839 692 Actorum
859 627 964 711 capite
986 628 1106 705 ultimo,
1127 636 1201 713 post
1221 637 1384 693 nmmum
1401 629 1540 695 Muneris

495 749 615 804 necem,
630 728 698 792 heec
713 728 856 812 legimus,
875 726 989 807 Quibus
996 739 1105 811 posteo
1119 730 1233 814 cpndir
1245 729 1416 795 Archelaus
1431 732 1540 815 adjecit

494 851 531 893 sa
544 830 652 915 pss'ess'
670 829 880 915 disputationi,
897 840 931 894 nt
949 829 1085 895 omnibns
1103 832 1299 909 tammam,
1313 833 1392 896 sicut
1411 854 1473 917 spo,
1488 834 1540 918 qvi

495 930 648 1015 imeripss',
663 932 698 994 in
710 929 871 1015 prioritas
884 931 1016 1015 arpensi.
1063 930 1224 996 Videntur
1237 939 1347 997 eutem
1361 932 1430 998 haeo
1443 933 1539 998 verba

495 1053 565 1095 esse
579 1031 770 1113 Hegemonii
786 1031 879 1108 illius,
894 1032 948 1115 qui
963 1040 1001 1095 ut
1012 1032 1155 1117 superius
1170 1032 1316 1106 diximus,
1327 1034 1439 1099 eadem
1453 1034 1538 1099 Acta

495 1134 685 1218 compilavit,
710 1141 742 1198 et
767 1133 799 1196 in
826 1134 976 1197 Graecum
998 1155 1175 1198 sermonem
1196 1134 1371 1200 transtulit.
1417 1135 1482 1200 Sed
1507 1137 1538 1200 iu

495 1242 605 1298 nostra
619 1233 768 1310 editione,
785 1256 847 1317 quo
866 1233 935 1297 loco
950 1255 988 1298 ea
1003 1234 1042 1297 de
1057 1256 1093 1299 re
1111 1256 1216 1299 sermo
1230 1234 1397 1312 habeatur,
1414 1258 1478 1299 non
1493 1236 1537 1299 iu·

418 1321 421 1328 ¹
495 1335 597 1411 venio,
613 1336 688 1419 quia
702 1334 837 1398 fortasse
857 1334 891 1397 in
904 1334 1068 1398 Oasinensi
1083 1335 1190 1400 codiee
1207 1336 1354 1421 praelatio
1371 1336 1490 1412 deficit,
1506 1337 1537 1400 in

495 1457 559 1520 qua
571 1436 787 1520 Hegemonius
798 1435 1031 1519 compilationis
1041 1458 1107 1500 suae
1119 1438 1276 1502 rationem
1286 1438 1461 1512 reddebam
1478 1438 1537 1502 uisi

495 1538 566 1623 quis
580 1538 676 1603 verba
690 1539 752 1614 illa,
770 1540 812 1601 In
821 1535 982 1623 prioribus
994 1539 1128 1620 exposui,
1145 1540 1185 1603 de
1204 1539 1253 1602 his
1272 1539 1457 1623 accipienda
1470 1561 1537 1604 esse

494 1648 632 1717 censeat,
644 1662 714 1724 quae
727 1639 870 1723 proxime
881 1639 921 1703 de
934 1639 1077 1703 Manetis
1088 1647 1191 1704 morte
1201 1639 1351 1703 remant
1386 1638 1407 1702 J
1409 1660 1466 1703 ure
1477 1638 1536 1703 ita·

494 1763 556 1826 que
571 1741 684 1805 merito
700 1740 851 1825 suspirari
870 1747 988 1824 potest,
1003 1762 1086 1816 eum,
1103 1740 1158 1825 qui
1178 1740 1382 1805 Casiuensem
1397 1740 1537 1804 codicem

493 1851 569 1908 ante
584 1843 773 1926 quingentos
782 1848 815 1907 et
830 1842 964 1927 amplius
975 1864 1075 1906 annos
1086 1842 1240 1916 exarant,
1251 1864 1368 1926 magua
1379 1843 1537 1906 Actorum

493 1945 719 2030 disputationis
741 1943 834 2029 hujus
856 1944 1041 2029 prolixitate
1062 1951 1243 2028 pertarum,
1259 1943 1361 2008 multa
1382 1943 1536 2019 omisisse,

493 2048 657 2131 multaque
672 2047 840 2123 breviasse,
855 2067 989 2130 quoram
1001 2053 1109 2110 tumen
1123 2044 1282 2129 epitomen
1297 2044 1384 2128 apud
1395 2043 1537 2129 Epipha-

493 2151 580 2215 uium
603 2149 712 2212 haberi
734 2148 885 2224 arbitror,
900 2168 993 2232 quem
1015 2168 1056 2210 ex
1077 2146 1209 2231 integris
1224 2146 1375 2210 Archelai
1394 2146 1537 2231 dispute-

494 2251 591 2317 tionis
606 2252 699 2316 Actis
720 2270 812 2315 suam
837 2250 1089 2314 Manichaeorum
1111 2250 1268 2313 haereseos
1286 2248 1537 2313 confutationem

493 2353 691 2440 potissimum
714 2352 866 2428 hausisse,
881 2352 1052 2416 editionem
1072 2358 1214 2416 noemam
1230 2371 1302 2414 cum
1321 2349 1389 2434 ejus
1409 2349 1538 2432 scriptis

492 2454 666 2519 conterenti
682 2453 766 2517 clare
784 2452 917 2537 patebit.

536 2556 630 2637 Quod
653 2557 694 2618 ad
717 2576 826 2618 eorum
848 2554 1021 2617 editionem
1042 2552 1171 2625 attinet,
1187 2552 1304 2617 vetusti
1326 2552 1407 2617 adeo
1426 2572 1538 2616 monu-

492 2660 590 2723 menti
613 2666 738 2743 partem
758 2655 877 2740 reperit
898 2656 932 2719 in
953 2653 1142 2740 perantiquo
1164 2653 1272 2718 codice
1297 2653 1458 2729 Bobisnsi‚
1482 2655 1536 2738 qui

491 2782 574 2824 nunc
595 2760 627 2823 in
646 2757 858 2822 Ambrosiana
875 2756 1067 2821 bibliotheca
1086 2762 1241 2832 servatur,
1258 2755 1422 2818 Emericus
1440 2752 1535 2837 Bigo-

490 2860 555 2923 tius
570 2857 827 2943 diligentissimus
837 2855 1022 2920 Italicarum
1033 2855 1294 2919 bibliothecarum
1306 2862 1533 2941 perscrutator,

491 2982 623 3046 eamque
643 2958 818 3023 clarissimo
832 2957 963 3022 Valesio
978 2956 1229 3029 communicavit,
1246 2957 1300 3040 qui
1316 2957 1350 3020 in
1364 2956 1449 3020 ealce
1464 2978 1535 3019 sua

492 3081 563 3123 rum
584 3068 732 3123 notarum
752 3058 794 3121 ad
816 3060 980 3122 Socratem
1000 3065 1034 3121 et
1056 3057 1264 3120 Souomenum
1278 3057 1459 3142 fragmenta
1480 3055 1534 3119 illa

490 3161 600 3226 edidit.
645 3158 819 3223 Continent
838 3165 946 3223 autem
961 3168 1030 3223 tum
1052 3166 1167 3221 cuneta
1186 3157 1251 3235 illa,
1268 3180 1338 3241 quae
1362 3180 1402 3221 ex
1421 3157 1533 3221 eadem

490 3262 705 3346 disputatione
735 3261 799 3323 suis
828 3260 962 3324 inseruit
987 3260 1114 3344 scriptis
1140 3259 1349 3344 Epiphanius,
1376 3268 1446 3323 tum
1469 3258 1533 3323 alio

489 3363 639 3427 nonnulla
660 3361 701 3427 ab
723 3362 833 3426 eodem
855 3361 990 3437 omissa3
1015 3383 1086 3445 ques
1106 3367 1273 3423 tamenne
1294 3361 1447 3425 decimam
1466 3361 1532 3444 qui-

489 3464 561 3526 dem
577 3464 677 3529 totius
692 3464 796 3548 operis
810 3470 935 3546 partem
949 3462 1117 3546 complent.
1149 3462 1194 3525 Et
1205 3462 1288 3526 tanti
1304 3462 1431 3546 quidem
1445 3462 1531 3546 apud

489 3564 650 3650 Bigotium
665 3566 726 3630 luit
740 3587 816 3647 pars
832 3565 887 3628 illa
901 3565 1127 3647 disputationis
1141 3565 1301 3636 Archelai,
1319 3573 1355 3629 ut
1369 3587 1440 3630 eam
1460 3586 1532 3629 oum

489 3666 633 3730 Palladio
655 3667 807 3731 recudere
828 3666 1029 3749 cogitaverit,
1053 3666 1195 3750 apposito
1219 3668 1332 3731 Graeco
1360 3666 1532 3751 Epiphanii

487 3774 591 3845 textu,
607 3776 644 3832 ut
659 3790 698 3831 ex
715 3767 879 3851 utriusque
895 3768 1142 3851 comparatione,
1157 3770 1294 3852 genuina
1309 3768 1434 3831 illorum
1448 3768 1531 3852 inag-

486 3877 665 3934 mentorum
680 3868 815 3932 lectione
829 3868 990 3944 restituta,
1007 3868 1108 3953 quivis
1123 3868 1268 3952 colligere
1284 3875 1402 3952 posset,
1418 3869 1530 3953 quanti

486 3970 638 4033 faciendae
653 3968 717 4032 sint
736 3967 879 4051 antiquas
901 3968 1023 4032 Latinae
1039 3971 1206 4045 versiones,
1223 3978 1257 4033 et
1278 3978 1432 4053 quantum
1447 3970 1531 4033 utili·

486 4071 565 4135 tatis
586 4092 627 4133 ex
649 4070 709 4132 illis
731 4069 899 4144 redundet,
920 4077 957 4133 ut
979 4070 1130 4134 idemmet
1153 4070 1200 4134 ait
1222 4071 1253 4133 in
1278 4070 1462 4155 praefatione
1487 4072 1529 4134 ad

486 4170 621 4236 Palladii
645 4168 816 4254 Dialogum
838 4170 964 4234 devita
985 4171 1167 4236 S.Joannis
1189 4169 1409 4254 chrysostomi
1432 4192 1530 4256 prope
