3900 5167
856 454 1164 519 DISPUTATIO.
1467 459 1531 521 105

484 632 654 718 tanquam
673 625 719 696 ab
736 626 806 709 illo,
821 628 882 719 qui
899 629 1109 721 signaverat,
1120 630 1247 712 miss0;
1272 624 1347 720 ¹qui
1365 651 1447 699 cum
1465 652 1532 701 uec

483 739 601 846 claves
614 728 828 825 ostenderet,
841 765 956 834 neque
972 742 1232 835 signaculorum
1245 743 1352 813 fidem
1366 743 1531 827 deferret,

483 857 727 948 (nequeenim
745 857 899 927 babebat
909 859 1020 952 jus)e
1036 860 1242 931 custodibus
1260 861 1394 952 ejectus
1411 867 1532 954 est-et

483 969 649 1063 iugatum
674 972 731 1042 fur
747 974 842 1042 enim
859 973 987 1065 potius,
1005 983 1042 1044 et
1060 974 1151 1044 latro
1172 974 1218 1044 ab
1240 975 1291 1045 eis
1315 996 1391 1045 esse
1408 975 1532 1066 depre-

483 1084 661 1168 henditur,
692 1089 884 1169 convictus,
912 1099 950 1159 et
977 1084 1212 1183 kconiugatus
1240 1092 1349 1160 etiam
1378 1113 1424 1160 ex
1452 1090 1530 1175 boc,

482 1202 581 1292 quod
604 1211 684 1293 post
706 1202 860 1273 multum
878 1213 1028 1296 tempus,
1047 1227 1153 1297 quam
1177 1206 1387 1297 promissum
1404 1205 1529 1289 fuerat,

481 1319 607 1389 adesse
631 1318 818 1403 desideret,
838 1342 954 1412 neque
979 1320 1105 1403 claves,
1122 1344 1238 1413 neque
1263 1320 1451 1415 signacula,
1469 1345 1532 1393 ue-

481 1456 553 1527 que
569 1433 682 1505 ullum
701 1436 844 1505 omnino
861 1435 1065 1507 custodibus
1081 1436 1251 1507 indicium
1269 1437 1439 1520 deferens,
1457 1461 1528 1509 uon

481 1549 721 1640 quantitatem
746 1550 915 1620 frumeuti
940 1551 1114 1620 reconditi
1142 1552 1275 1632 scieus3
1305 1574 1382 1642 quae
1412 1551 1530 1621 omnia

480 1663 670 1734 manifeste
694 1664 823 1734 iudicia
847 1672 939 1746 suut,
957 1686 1179 1756 nequaquam
1198 1685 1280 1734 eum
1303 1664 1349 1735 sb
1371 1664 1434 1735 illo
1452 1687 1529 1735 esse

481 1778 737 1861 transmissum,
754 1775 807 1850 ¹et
823 1780 913 1858 ideo,
930 1788 973 1849 ut
992 1789 1250 1871 consequenter
1270 1789 1356 1862 erut,
1374 1803 1396 1850 s
1413 1788 1537 1850 custo·

481 1894 587 1965 dibus
602 1904 798 1966 reservatus
815 1903 879 1966 est.

530 2009 701 2081 XXVII.
726 2009 840 2081 Aliud
866 2011 986 2092 etiam,
1009 2011 1037 2081 si
1059 2011 1209 2090 videtur,
1233 2009 1383 2079 dicimus
1409 2029 1528 2079 exem-

479 2124 592 2216 plum.
643 2123 764 2196 Homo
780 2125 924 2217 quidam
941 2124 1193 2216 paterfamilias
1210 2124 1308 2195 dives
1324 2123 1530 2216 plurimum,

479 2242 524 2312 ad
543 2250 685 2334 tempus
701 2264 847 2334 peregre
864 2241 1060 2322 abfuturus,
1078 2240 1159 2311 filiis
1179 2241 1251 2311 suis
1267 2239 1446 2332 pollicitus
1463 2248 1529 2322 est,

479 2358 669 2428 missurum
686 2378 725 2427 ss
741 2378 817 2427 esse
834 2357 1000 2447 aliquem,
1017 2356 1079 2448 qui
1097 2379 1160 2447 pro
1177 2378 1216 2426 se
1232 2355 1460 2426 distribueret
1477 2356 1529 2426 eis

480 2494 525 2542 ex
550 2494 652 2563 oequo
678 2471 924 2542 substantiam.
976 2470 1025 2541 Et
1050 2471 1193 2562 quidem
1216 2494 1287 2540 non
1310 2467 1425 2540 multo
1447 2478 1529 2563 post

478 2587 576 2657 misit
602 2593 722 2655 tutum
744 2585 859 2655 virum
880 2586 1068 2677 quendam,
1085 2587 1234 2676 justum,
1255 2594 1293 2656 et
1315 2608 1449 2665 verum,
1467 2586 1527 2677 qui

477 2724 561 2773 cum
594 2701 755 2781 venisset,
786 2708 950 2793 suscepta
983 2701 1145 2772 universa
1174 2702 1380 2784 substantia,
1412 2702 1527 2794 primo

473 2816 639 2888 omnium
667 2816 842 2885 instruere
868 2837 948 2885 esm
978 2838 1020 2885 ac
1049 2837 1171 2908 regere
1201 2817 1349 2898 studuit,
1366 2815 1528 2886 laborans

468 2933 671 3025 plurimum
705 2931 742 3000 in
770 2929 965 3010 itineribus,
994 2930 1150 3002 msedens
1182 2932 1258 3023 ipse
1290 2953 1353 3023 per
1387 2954 1425 3001 se
1455 2931 1527 3001 suis

464 3046 643 3121 manibus
659 3067 747 3139 opus
763 3044 904 3127 faciens,
922 3053 960 3115 et
975 3046 1188 3117 ministrans.
1236 3044 1400 3117 nDeinde
1421 3048 1527 3116 mori-

463 3171 578 3234 turus
595 3167 850 3229 testamentum
874 3160 1004 3241 scribit,
1022 3161 1226 3254 propinquis
1251 3163 1322 3232 suis
1348 3171 1385 3232 et
1408 3164 1527 3254 proxi-

457 3276 544 3348 mis
561 3271 727 3343 0mnibus
748 3270 992 3344 hereditatem
1017 3273 1274 3366 derelinquens,
1291 3282 1329 3343 et
1346 3273 1527 3367 signacula

511 3438 522 3482 ¹
540 3438 578 3495 Iu
598 3436 746 3494 casinensi
762 3435 934 3511 Quicumqve.
978 3435 1037 3494 Sed
1061 3454 1161 3493 sensus
1185 3436 1329 3511 postulare
1351 3436 1472 3502 videtur,
1494 3444 1527 3497 ut

455 3540 519 3616 qui
535 3555 598 3593 cum
611 3553 659 3591 nec
670 3534 790 3608 legetur.

511 3630 532 3675 k
548 3632 646 3697 Forte,
662 3630 825 3705 confutatus.

509 3728 521 3771 ¹
540 3727 576 3785 In
592 3726 689 3783 codice
703 3725 851 3783 casinensi
865 3726 980 3801 legitur,
995 3733 1021 3782 et
1035 3726 1095 3782 ideo
1109 3734 1305 3799 cousequenter.
1349 3724 1427 3796 (For.
1442 3743 1525 3800 repo.

451 3824 603 3885 nendum
618 3830 671 3887 est,
687 3830 714 3879 et
727 3822 786 3879 ideo
799 3831 991 3897 consequenter
1005 3821 1151 3879 thesaurus
1165 3839 1182 3877 u
1196 3820 1351 3878 custodibus
1364 3840 1389 3877 r.
1406 3823 1443 3891 e.)

510 3932 540 3964 ω
555 3919 652 3985 Forte,
665 3920 713 3976 sed
733 3928 759 3976 et
779 3920 838 3995 ipse
854 3938 957 3995 perse.
1002 3918 1151 3990 (Maxime
1165 3919 1283 3976 Paulum
1307 3918 1353 3974 hic
1371 3917 1525 3991 significari

449 4020 570 4078 firmat
584 4034 647 4091 esp.
663 4018 724 4088 34.)

512 4128 531 4159 ¹¹
557 4114 593 4170 Iu
618 4112 715 4169 codice
740 4111 897 4177 casinensi,
917 4111 1024 4167 Deinde
1049 4111 1093 4165 die
1116 4110 1272 4174 moriturus,
1295 4127 1347 4165 nos
1370 4110 1523 4166 secundem

450 4228 584 4273 vocem,
599 4228 633 4265 ex
647 4208 834 4283 praecedentis
847 4207 927 4264 verbi
948 4215 1099 4281 postremae
1121 4206 1235 4281 syllabas
1256 4204 1423 4278 repetitione
1437 4205 1524 4262 veluti

450 4306 622 4373 insertum,
643 4306 815 4364 sustulimus.
858 4305 913 4362 Vel
936 4305 1058 4361 fortasse
1081 4303 1243 4379 legendum,
1268 4303 1374 4359 Deinde
1397 4302 1449 4367 die,
1471 4299 1530 4377 quu'

452 4405 625 4463 morium
639 4412 707 4468 erut,
722 4410 916 4460 testamentum.

517 4505 587 4547 vos.
602 4504 633 4545 v.
987 4502 1004 4539 ι’
