3900 5167
824 453 1133 519 DISPUTA'rio.
1435 456 1498 518 115

449 626 525 699 leus
550 629 664 699 iaus?
689 627 737 699 Et
755 627 945 724 ¹Absorpta
970 639 1018 700 est
1040 652 1131 700 mors
1155 630 1363 701 invictricia.
1416 628 1496 701 Hac

452 764 540 835 ergo
556 764 602 812 ex
624 764 730 813 causa
750 740 991 814 Ministerium
1012 744 1131 815 mortis
1155 744 1331 837 appellata
1348 754 1402 815 est
1426 744 1495 826 lex,

451 858 538 949 quia
564 868 759 950 peccantes·
785 861 1050 951 prevaricantes
1084 862 1188 931 morti
1225 862 1395 942 tradebat,
1426 884 1498 932 ser-

453 983 578 1045 vantes
602 982 723 1045 autem
745 997 795 1057 se,
813 975 1026 1046 defendebat
1050 999 1072 1047 a
1096 986 1220 1057 morte,
1242 989 1279 1047 et
1302 978 1495 1047 constitue·

453 1090 518 1160 bat
541 1091 578 1160 in
603 1090 727 1183 gloria,
745 1113 812 1183 ope
832 1102 940 1183 atque
964 1092 1096 1162 auxilio
1114 1092 1259 1162 Domini
1282 1095 1390 1163 nostri
1408 1090 1497 1164 Jesu

453 1203 598 1276 chriui.

506 1320 655 1391 XXXI.
679 1321 777 1392 Audi
803 1323 909 1392 etiam
936 1323 1044 1393 etde
1071 1326 1240 1416 eoquod
1267 1323 1402 1394 dictum
1433 1335 1495 1407 est,

454 1434 545 1525 ’Qui
568 1435 711 1507 redemit
735 1460 797 1508 nos
822 1437 863 1509 de
885 1437 1063 1511 maledicto
1085 1438 1168 1536 lepis
1191 1437 1363 1513 Christus.
1416 1440 1498 1511 Hoc

455 1554 492 1622 in
518 1551 596 1623 loco
613 1553 790 1645 pervideo,
808 1554 1034 1648 magnificum
1059 1553 1127 1624 Dei
1154 1553 1326 1624 famulum
1346 1554 1498 1647 Moysen

456 1663 720 1761 limaginariam
756 1667 871 1761 legem
905 1670 970 1750 his,
1001 1672 1061 1761 qui
1089 1679 1186 1739 recte
1213 1666 1339 1740 ¹velint
1367 1671 1498 1756 videre,

456 1782 650 1865 tradidisse,
668 1792 706 1852 et
727 1781 842 1876 legem
866 1806 995 1853 veram.
1047 1783 1148 1855 Sicut
1170 1786 1264 1853 enim
1292 1783 1391 1856 Deus
1417 1809 1498 1856 cum

455 1896 596 1968 fecisset
620 1899 803 1980 mundum,
825 1908 862 1969 et
884 1900 1010 1983 omnia,
1035 1922 1111 1992 quae
1133 1900 1169 1969 in
1195 1921 1238 1969 eo
1259 1909 1350 1982 sunt,
1377 1902 1414 1970 in
1436 1922 1499 1971 sex

456 2012 590 2096 diebus,
608 2015 781 2105 requievit
798 2016 835 2084 in
853 2016 910 2085 die
927 2016 1079 2106 septima
1094 2015 1140 2086 ab
1156 2016 1319 2087 omnibus
1336 2016 1500 2109 operibus

455 2127 548 2211 suis;
574 2151 645 2198 non
663 2128 752 2209 dico,
771 2131 852 2222 quia
873 2130 1117 2222 mrequieverit
1141 2130 1316 2224 fatigatus,
1335 2133 1396 2202 sed
1415 2155 1498 2224 qun-

455 2242 552 2312 niam
572 2243 618 2313 ad
643 2244 838 2336 perfectum
862 2246 1061 2316 adduxerat
1086 2269 1237 2327 omnem,
1256 2270 1361 2338 quam
1385 2247 1501 2318 facere

455 2359 684 2450 disposuerat,
702 2368 918 2431 creaturam:
946 2362 1097 2453 denique
1114 2363 1173 2443 ait,
1191 2359 1318 2431 ³Poter
1334 2385 1427 2432 merus
1444 2386 1500 2431 us·

455 2496 520 2568 que
536 2472 638 2544 modo
654 2484 824 2568 operetta,
842 2485 874 2546 et
890 2499 950 2572 epo
966 2499 1099 2570 operor.
1150 2476 1419 2568 Numquidnam
1436 2501 1501 2547 cae-

495 2749 512 2792 ¹¹
541 2751 738 2828 Impius-ium
766 2751 924 2811 Archelaus
951 2762 1035 2811 vocat
1062 2755 1155 2830 legem
1182 2763 1263 2811 vetus
1288 2763 1499 2821 testamentum,

454 2850 533 2927 qnod
546 2858 633 2925 typus
646 2859 722 2907 esset
735 2858 764 2907 et
778 2850 874 2925 imago
887 2850 989 2907 futura
1004 2871 1084 2908 novae
1098 2852 1178 2926 legis.
1221 2850 1268 2908 Sic
1290 2859 1318 2909 et
1336 2852 1450 2908 Petrum
1465 2853 1502 2910 de

453 2946 557 3004 Vincis
570 2947 600 3003 in
614 2948 740 3022 epistolis
754 2948 812 3004 suis
825 2966 883 3004 non
900 2947 997 3014 semel,
1013 2948 1204 3022 imoqiuorium
1225 2947 1369 3005 hominem
1384 2967 1502 3006 vocasse

453 3045 598 3108 nuntium,
614 3062 663 3100 sen
676 3045 802 3118 legatum
820 3043 951 3101 observat
966 3044 1093 3119 Cangius
1107 3046 1134 3101 in
1151 3044 1305 3109 Glossario,
1321 3045 1397 3119 quod
1410 3046 1499 3111 illurn,

452 3162 471 3200 a
484 3160 543 3217 quo
557 3141 660 3199 missus
677 3142 779 3210 fuerat,
794 3149 977 3216 representet,
991 3150 1021 3198 et
1034 3143 1095 3215 ejus
1116 3142 1193 3198 velut
1213 3142 1365 3216 imaginem
1387 3143 1499 3201 referat.

454 3241 555 3300 Utitur
576 3247 605 3295 et
624 3239 678 3297 hec
691 3256 761 3296 voce
783 3237 897 3312 Evagrii
911 3237 1049 3295 Monachi
1070 3247 1151 3295 vetus
1170 3239 1308 3312 interpres
1324 3238 1354 3295 in
1373 3240 1498 3315 disputa·

453 3338 534 3395 tione
544 3335 695 3410 Theophili
710 3335 843 3410 Episcopi
857 3334 1040 3392 Alexandrini
1051 3354 1115 3391 cum
1131 3333 1247 3392 Simone
1260 3335 1278 3391 J
1281 3336 1362 3392 udoeo
1376 3354 1437 3411 cap.
1454 3356 1464 3393 1
1471 3355 1500 3411 3.

453 3434 503 3492 ubi
524 3432 643 3491 sabbeta
655 3432 843 3507 unwiuuriam
857 3432 981 3506 requiem
997 3440 1079 3489 vocat
1098 3432 1225 3506 septimae
1244 3432 1317 3488 illius
1329 3432 1394 3497 diei,
1406 3434 1434 3488 in
1446 3453 1501 3508 qua

454 3530 559 3593 Deum,
574 3527 672 3584 mundi
685 3527 827 3584 creatione
845 3526 983 3592 absoluta,
998 3526 1167 3600 requievisse
1187 3526 1292 3601 pagina
1312 3545 1392 3583 sacra
1412 3535 1499 3584 testa·

454 3636 512 3684 tur.
554 3624 650 3693 Quare
666 3623 820 3681 Archelaus
834 3623 862 3679 in
876 3624 1060 3700 responsione
1077 3623 1113 3680 ad
1129 3623 1285 3680 Diodorum
1304 3624 1501 3699 presbyterum

455 3722 530 3780 inira
548 3738 610 3795 cap.
625 3737 674 3791 4¹·
693 3728 772 3776 totus
792 3719 883 3776 estin
907 3720 1139 3784 demonstrando,
1161 3738 1219 3776 non
1238 3738 1300 3777 esse
1317 3720 1501 3795 rejiciendum

453 3827 538 3873 vetus
551 3823 763 3880 testamentum,
779 3816 843 3889 quia
857 3825 990 3890 tanquam
1005 3814 1151 3892 speculum
1166 3834 1261 3872 veram
1276 3816 1357 3872 nobis
1368 3813 1501 3888 exprimit

454 3912 623 3987 novaelegis
637 3913 799 3987 imaginem.

497 4008 506 4055 ¹
521 4011 617 4076 Forte,
630 4010 714 4066 velint
726 4010 825 4066 uivere.

498 4117 521 4148 ¹¹¹
543 4106 578 4163 In
593 4105 741 4163 Casinensi
755 4115 808 4170 est,
820 4109 911 4182 requie
931 4108 1101 4182 requieverit,
1118 4108 1168 4163 sed
1189 4126 1222 4164 ea
1243 4106 1326 4162 lectio
1346 4107 1427 4162 nobis
1442 4105 1502 4161 visa

462 4214 503 4261 est
518 4205 600 4261 unius
614 4204 795 4278 ejusdemque
810 4205 887 4260 vocis
901 4205 1032 4278 repetitio
1046 4205 1099 4260 nisi
1114 4205 1207 4278 potius
1222 4204 1386 4278 graecismus
1401 4204 1447 4257 sit.

523 4390 531 4413 ¹
550 4402 561 4439 r
578 4380 644 4437 Cor.
661 4401 707 4437 xv.
721 4396 768 4457 54.
894 4382 977 4438 'Gal
990 4384 1027 4439 iii.
1046 4402 1053 4438 ι
1061 4401 1088 4455 3.
1210 4389 1229 4468 ι’
1244 4383 1327 4437 Jonn.
1344 4398 1369 4431 v.
1387 4392 1431 4447 17.

954 4481 1008 4529 02
