3900 5167
653 447 718 511 DE
742 446 1126 511 REBAPTISMATE
1150 444 1308 509 LIBER.
1439 443 1499 506 821

454 618 563 692 Jeeas
578 619 729 691 nondum
747 629 822 692 erat
838 618 1055 714 clom‘Jicutus.
1096 620 1228 714 ¹Igitur
1245 619 1365 689 dicens
1382 640 1503 710 quem·

455 737 648 808 admodum
671 737 832 830 generari
855 744 973 828 potest
994 737 1178 829 baptisma
1197 737 1290 829 quod
1309 733 1504 828 Apostolus

455 875 569 922 unum
586 874 663 923 esse
679 852 865 946 praedicat:
892 854 1017 945 utique
1039 853 1266 923 manifestum
1290 862 1346 922 est
1367 850 1429 921 illa
1451 873 1504 921 ra·

456 969 564 1051 tione,
583 970 683 1061 'quia
709 968 855 1038 diversa
880 978 964 1038 sunt
990 969 1123 1061 species
1150 970 1255 1038 unius
1281 977 1389 1059 atque
1414 966 1504 1057 ejus-

456 1083 540 1154 dem
557 1083 779 1176 bsptismatis
791 1106 837 1154 ex
850 1106 922 1153 uno
936 1083 1082 1155 vnlnere
1098 1083 1304 1176 profluentis
1321 1084 1358 1152 in
1375 1105 1503 1174 aquam

456 1207 495 1271 et
520 1201 738 1294 sanguinem.
765 1222 847 1270 cum
870 1199 944 1270 illic
970 1200 1042 1270 duo
1069 1200 1151 1283 sint,
1169 1200 1214 1269 de
1240 1199 1368 1291 quibus
1392 1198 1504 1269 locuti

455 1338 588 1400 sumus,
601 1315 834 1409 ³baptismata
850 1338 959 1407 aquae,
973 1316 1010 1386 id
1028 1324 1083 1388 est
1099 1317 1203 1386 unius
1220 1323 1328 1407 atque
1345 1314 1504 1406 ejusdem

455 1433 601 1524 species,
619 1454 700 1503 cum
718 1455 830 1502 unum
848 1454 925 1502 esse
948 1433 1077 1504 debeat
1093 1431 1269 1524 baptisma
1285 1430 1505 1522 uniuscujus-

455 1569 527 1639 que
543 1547 688 1639 species‚
706 1547 797 1617 sicut
814 1546 954 1640 plenius
970 1570 1092 1618 sumus
1108 1546 1229 1617 locuti.

506 1662 618 1734 XIII.
645 1662 695 1734 Et
712 1664 879 1756 quoniam
898 1664 1059 1735 videmur
1081 1686 1186 1733 omne
1210 1662 1385 1755 baptisma
1405 1663 1505 1756 spiri·

455 1778 529 1851 tale
546 1779 717 1851 trifariam
734 1781 902 1862 divisisse,
920 1780 1103 1850 veniamus
1120 1781 1228 1850 etiam
1254 1780 1299 1850 ad
1329 1779 1505 1871 probatio·

455 1919 539 1967 nem
558 1896 766 1967 narrationis
782 1897 980 1988 propositae,
991 1918 1036 1965 ne
1048 1897 1231 1966 videamur
1243 1896 1383 1987 proprio
1400 1916 1505 1964 sensu

455 2019 494 2082 et
511 2021 646 2083 temere
663 2012 731 2081 hoo
748 2012 882 2082 fecisse.
916 2011 983 2083 Ait
1000 2012 1093 2082 enim
1112 2012 1137 2081 J
1139 2033 1268 2082 oannes
1286 2012 1331 2081 de
1347 2011 1504 2080 Domino

454 2138 577 2199 nostro
593 2130 631 2198 in
657 2127 807 2220 epistola
832 2150 896 2198 sua
918 2150 983 2198 nos
1008 2129 1148 2211 docens,
1165 2126 1241 2199 Hic
1262 2135 1312 2198 est
1332 2127 1394 2223 qui
1413 2126 1631 2198 veuitJoen-vi·

451 2267 522 2339 per
538 2267 661 2340 αῳιανη
680 2253 712 2315 et
732 2243 933 2340 soopuioem
950 2240 1056 2314 Jesus
1075 2240 1244 2317 Christus.
1271 2266 1340 2315 noo
1357 2243 1396 2313 io
1413 2266 1504 2339 aquo
1512 2201 1585 2251 Μ’

456 2370 602 2445 aarum,
617 2360 679 2432 sed
695 2362 733 2432 io
751 2384 841 2455 oque
859 2370 890 2432 et
909 2362 1084 2458 sanquine.
1135 2359 1185 2433 Et
1199 2360 1356 2456 Spiritus
1378 2361 1506 2454 estqui

454 2477 686 2549 tesdmoniam
698 2475 863 2572 perhibet,
880 2476 982 2573 *quio
997 2476 1155 2571 Spiritus
1172 2486 1222 2549 est
1237 2478 1374 2550 veritas.
1401 2478 1503 2571 ⁵quio

496 2674 610 2750 ¹Igitur
623 2674 722 2731 dicens
741 2674 980 2749 quemadmodum
998 2674 1129 2749 generari
1147 2682 1242 2750 potest
1258 2674 1411 2749 baptisma]
1434 2672 1501 2729 For.

454 2772 636 2831 scribendum
657 2782 710 2841 est,
725 2772 821 2847 Ipitur
837 2772 949 2830 dicente
971 2780 1000 2829 te
1018 2774 1235 2848 quemadmodum
1255 2772 1394 2849 geminari
1410 2779 1503 2848 potest

454 2871 618 2949 baptisma?

494 2973 504 2999 ⁸
518 2968 584 3042 quia
597 2966 716 3024 diversae
731 2976 798 3023 sunt
812 2966 934 3042 species]
952 2966 1018 3024 For.
1032 2967 1185 3043 legendum
1200 2986 1265 3043 qua.

494 3065 689 3141 ‘baptismate
711 3066 804 3140 uquae]
832 3065 898 3122 For.
920 3065 1084 3141 legendnm,
1106 3066 1269 3143 baptismate
1290 3084 1367 3143 aque
1387 3074 1416 3125 et
1436 3085 1501 3125 sau·

454 3162 558 3238 guinis.

493 3268 504 3297 ⁴
518 3260 580 3335 quio
595 3260 720 3337 Spiritus
733 3267 774 3316 est
785 3260 901 3334 ueritus]
926 3259 975 3318 Sic
995 3268 1092 3318 textus
1107 3261 1242 3319 Graecus:
1264 3266 1294 3318 τὸ
1314 3266 1411 3335 πνεῦμά
1432 3265 1504 3320 ἐστιν

452 3359 468 3430 ἦ
489 3358 602 3429 ἀλήθεια
644 3357 839 3433 Esmdemque
860 3358 1013 3416 lectionem
1034 3359 1151 3417 exhibet
1171 3359 1202 3418 S.
1218 3360 1386 3419 Ambrosius
1405 3361 1455 3419 lib.
1471 3380 1501 3437 3.

452 3456 852 3532 despirit.sanct.cap.1o.
875 3476 941 3513 cum
955 3457 1004 3532 67.
1047 3458 1087 3513 At
1110 3475 1175 3514 cum
1196 3458 1313 3532 vulgata
1337 3478 1399 3534 quae
1420 3459 1500 3536 legit,

454 3551 581 3609 Christus
601 3562 642 3610 est
661 3553 766 3610 ueritas
786 3554 968 3611 consentiunt
990 3554 1037 3611 elii
1058 3554 1147 3612 ferme
1169 3572 1269 3611 omnes
1282 3554 1377 3613 Latini
1391 3555 1499 3614 Patres.

454 3649 626 3707 Grumum.

493 3748 579 3822 ⁵quio
601 3754 658 3804 tres
678 3748 858 3805 testimonium
873 3748 1032 3824 perhibent]
1065 3748 1174 3807 Locum
1199 3750 1341 3825 integrum
1366 3752 1501 3827 anonymi

451 3841 536 3917 hujus
556 3844 680 3900 auctoris
702 3844 749 3920 qui
766 3862 878 3901 comma
902 3854 1025 3902 octavum
1044 3845 1204 3904 Joanneum
1229 3848 1410 3922 conjunctum
1435 3864 1500 3903 cum

450 3947 526 3997 eeaeto
549 3940 578 3996 in
603 3960 655 3997 suo
678 3941 831 4016 exemplari
854 3941 959 4016 legisse
982 3944 1094 4000 videtur
1118 3944 1226 4001 excutit
1240 3945 1276 4001 R.
1292 3944 1323 4000 P.
1343 3945 1379 4000 de
1394 3944 1501 4001 Rubeis

450 4038 489 4094 V.
505 4039 540 4096 C.
556 4038 584 4094 iu
597 4039 721 4096 Dissert.
737 4040 769 4095 de
783 4039 869 4096 tribus
883 4043 911 4095 in
925 4040 990 4097 celo
1006 4041 1104 4098 Testid.
1120 4061 1185 4117 pag.
1203 4043 1250 4119 76.
1286 4043 1372 4111 Quod
1386 4042 1499 4116 quidem

451 4145 653 4212 argumentum
673 4157 731 4212 prae
753 4138 855 4195 ceteris
876 4138 1092 4213 diligentissime
1113 4148 1299 4213 pertractasse
1327 4141 1500 4215 comperitur

451 4234 657 4291 eruditissimus
672 4234 822 4292 Soucietus
844 4244 944 4292 contra
965 4236 1124 4293 Simonium
1144 4237 1274 4313 Remorq.
1290 4238 1379 4294 curlo
1397 4238 1498 4313 Critiq.

450 4332 483 4386 de
504 4330 531 4386 la
546 4331 677 4388 Bibliotd.
693 4332 740 4387 des
753 4332 820 4388 Aut.
837 4330 900 4388 eccl.
916 4341 987 4389 tom.
1005 4350 1031 4389 2.
1051 4351 1118 4409 pag.
1136 4335 1303 4409 575—628.
1327 4334 1499 4392 Genusum.

451 4428 495 4484 En
510 4428 650 4486 celebrem
665 4430 815 4505 pericopen
836 4429 865 4485 in
885 4430 977 4505 capite
999 4430 1098 4504 quinto
1112 4431 1210 4506 primae
1228 4432 1354 4507 epistolae
1367 4434 1385 4490 J
1388 4433 1497 4499 oannis,

493 4545 566 4587 von.
583 4546 612 4588 v.
962 4531 1010 4587 st
