3900 5167
757 1375 1198 1482 ΑΝΟΝΥΜΙ

860 1641 1104 1723 arnan

488 1874 630 1995 'DE
680 1871 1453 1995 REBAPTISMATE.

842 2151 1120 2194 ...Φ-.-

502 2353 600 2427 'Noa
617 2354 734 2427 dobere
750 2353 861 2425 denuo
877 2351 1051 2447 baptizor-i
1068 2353 1129 2447 qui
1144 2350 1248 2423 senei
1261 2352 1300 2423 io
1317 2354 1454 2424 nomine

605 2470 754 2541 Domini
770 2469 881 2541 nostri
896 2466 986 2540 Jcao
1005 2464 1139 2542 civisci
1155 2468 1226 2539 eici
1241 2468 1350 2539 tincti.

511 2609 542 2682 Ι.
572 2604 966 2680 ANIMADVERTO
1005 2608 1196 2700 quaesitum
1233 2607 1327 2699 apud
1366 2606 1500 2692 fratres,

454 2726 541 2817 quid
570 2724 689 2817 potius
717 2722 894 2792 observari
924 2730 1066 2815 oportet
1095 2722 1132 2791 in
1158 2744 1342 2814 personam
1367 2743 1500 2804 eorum,

454 2843 515 2933 qui
538 2843 575 2910 in
597 2838 718 2909 haeresi
736 2838 889 2929 quidem,
908 2837 1023 2907 sedin
1040 2836 1183 2906 nomine
1200 2835 1269 2907 Dei
1287 2836 1395 2905 nostri
1412 2832 1500 2906 Jesu

454 2954 595 3035 Christi,
613 2954 684 3023 sint
701 2952 817 3033 tincti,
833 2951 1061 3043 postmodum
1084 2950 1167 3020 inde
1189 2950 1344 3043 digressi,
1362 2958 1400 3020 et
1419 2972 1500 3043 sup·

453 3067 594 3160 pliciter
609 3067 654 3137 ad
674 3064 869 3136 Ecclesiam
884 3064 954 3135 Dei
970 3063 1187 3146 advolantes,
1200 3065 1286 3135 tetis
1301 3063 1500 3157 praecordiis

452 3182 698 3275 poenitentiam
732 3191 888 3274 agerent,
918 3189 956 3250 et
990 3181 1115 3249 erroris
1149 3181 1202 3250 sui
1236 3180 1498 3251 damnationem

453 3321 547 3368 nunc
576 3296 721 3368 demum
751 3293 1003 3388 intelligentes,
1029 3294 1202 3365 auxilium
1230 3294 1353 3366 salutis
1382 3297 1427 3366 ab
1457 3320 1499 3366 ea

452 3412 703 3505 implorarent3
737 3419 859 3480 utrum
893 3410 1133 3481 vetustissima
1166 3409 1423 3481 consuetudine
1456 3434 1498 3482 ac

452 3523 642 3595 traditione
667 3523 913 3607 ecclesiastica,
936 3532 1017 3617 post
1037 3522 1166 3607 ³illum,
1191 3524 1286 3616 quod
1312 3524 1396 3594 foris
1420 3526 1498 3616 qui-

452 3641 548 3721 dem,
577 3637 640 3708 sed
670 3638 707 3706 in
737 3639 880 3709 nomine
908 3638 998 3709 Jesu
1028 3638 1161 3710 Christi
1189 3637 1355 3709 ⁴Domini
1387 3641 1498 3710 nostri

493 3803 576 3860 ’ΒΕ
604 3802 922 3878 REBAPI'ISMATE]
953 3804 1133 3863 Retinuimue
1159 3805 1381 3881 inscriptionem,
1413 3824 1499 3882 quam

451 3900 566 3975 praefert
579 3909 661 3958 vetus
675 3900 766 3957 codex
781 3900 967 3974 (Remencia).
1011 3903 1050 3961 Et
1063 3902 1092 3959 in
1107 3903 1184 3960 calce
1197 3910 1280 3961 vetos
1299 3903 1387 3962 codex
1401 3903 1497 3973 habet,

453 3997 558 4054 Caecilii
575 3996 708 4073 Cypriani
713 3998 810 4072 finivit
823 3998 856 4053 de
869 3998 1067 4074 rebaptismate.
1089 3999 1255 4056 Boionius.

492 4094 502 4117 ’
522 4093 588 4150 Non
601 4094 828 4168 debere-tincti]
845 4093 893 4152 Sic
907 4095 1032 4170 incipere
1046 4096 1173 4153 codicem
1188 4097 1228 4153 ait
1242 4096 1391 4171 Rigaltius.

491 4204 500 4234 ¹
522 4190 615 4264 illum]
634 4190 703 4249 Cor.
719 4191 797 4248 illud.

490 4287 637 4344 ⁴Domini
661 4288 766 4362 nostri]
795 4288 829 4344 In
854 4290 943 4346 veteri
966 4290 1039 4347 libro
1068 4291 1203 4365 scriptum
1227 4300 1272 4350 est
1294 4291 1406 4348 Domini
1434 4312 1496 4351 noo.

450 4382 536 4450 Quod
560 4384 601 4441 ite
623 4384 824 4461 corrigendum
849 4405 912 4444 esee
939 4388 1049 4445 censuit
1073 4386 1241 4446 Sirmondue
1269 4397 1300 4446 ut
1323 4389 1497 4447 Dominioum

933 4501 1023 4566 rp2
