3900 5167
452 454 518 515 282
820 454 852 517 S.
869 449 1142 517 AUGUSTINI

451 622 614 716 occipere,
641 646 707 717 quo
737 624 893 717 quisquis
923 646 991 693 nou
1010 621 1129 717 suerit
1158 619 1355 717 baptizatus
1378 635 1498 720 ⁰repuo

451 738 611 810 scabrum
619 740 685 833 fiet
702 738 846 810 alienus.

502 852 599 922 Huic
616 853 859 945 respondetur,
876 854 960 944 quia
984 855 1013 922 si
1039 874 1109 921 non
1132 851 1376 923 sanctificatur
1400 874 1500 943 aqua,

451 989 532 1035 oum
562 967 681 1058 aliqua
714 970 839 1037 erroris
869 968 976 1037 verba
1006 990 1070 1059 par
1098 966 1314 1061 imperitiam
1340 977 1501 1058 precator

450 1080 611 1164 effundit,
629 1082 734 1152 multi
759 1104 831 1151 non
857 1081 972 1152 solum
997 1082 1095 1163 mali,
1113 1083 1175 1153 sed
1198 1083 1309 1153 etiam
1332 1079 1416 1152 boui
1436 1080 1502 1151 fra-

451 1205 523 1269 tres
540 1200 576 1268 in
594 1198 670 1290 ipsa
694 1196 844 1268 ecclesia
866 1219 937 1267 non
961 1197 1183 1269 sanctificant
1204 1219 1347 1289 aquam.
1401 1195 1500 1267 Mul-

451 1321 568 1382 torum
586 1314 681 1383 euim
706 1336 826 1404 preces
843 1312 1079 1384 emendantur
1100 1314 1272 1405 quotidie,
1290 1314 1320 1385 si
1338 1312 1501 1384 doctiori-

451 1428 657 1498 busfnerint
670 1430 839 1511 recitatae,
851 1439 888 1499 et
898 1428 1013 1499 multa
1026 1430 1062 1498 in
1076 1430 1127 1499 eis
1140 1430 1365 1521 reperiuntur
1380 1439 1500 1500 contra

450 1544 660 1615 catholicam
680 1547 796 1616 iidem.
832 1546 1017 1637 Numquid
1035 1548 1063 1616 si
1081 1541 1351 1618 dmanifestetur
1366 1547 1500 1640 aliquos

451 1659 657 1750 baptizatos,
676 1682 758 1729 cum
784 1660 854 1729 illae
877 1683 999 1752 preces
1024 1661 1127 1730 diotae
1150 1684 1398 1755 superaquam
1419 1663 1501 1732 tinis-

337 1779 340 1783 ’
450 1783 540 1855 sent,
560 1774 785 1866 jubebuntur
809 1775 926 1845 denuo
953 1776 1146 1867 baptizari?
1182 1776 1278 1860 Quid
1297 1778 1373 1849 ita?
1409 1778 1500 1862 Quia

452 1887 657 1982 plerumque
681 1891 794 1981 precis
811 1891 936 1959 vitium
963 1901 1106 1983 superat
1132 1894 1307 1984 precantis
1332 1892 1499 1964 affectusz

450 2014 489 2075 et
512 2007 594 2097 quia
616 2015 713 2076 certa
733 2005 794 2075 illa
811 2004 1027 2100 Euangeliou
1044 2008 1159 2089 verba,
1177 2009 1252 2078 sino
1276 2009 1406 2101 quibus
1431 2033 1500 2080 non

450 2131 569 2213 potest
597 2122 791 2212 baptismus
818 2122 1022 2204 consecrari,
1046 2132 1185 2192 tantum
1215 2122 1345 2207 valent,
1372 2136 1415 2195 ut
1440 2148 1501 2217 per

451 2235 511 2305 illa
531 2238 581 2306 sio
598 2246 814 2306 evacuentur
837 2260 1068 2329 quaecumque
1090 2239 1128 2307 in
1153 2261 1257 2331 prece
1275 2240 1403 2312 vitiosa
1419 2264 1501 2311 con·

453 2361 506 2421 tra
535 2352 692 2444 regulam
724 2352 806 2423 fidei
839 2352 1015 2434 dicuntur,
1042 2356 1340 2444 quemadmodum
1374 2357 1501 2428 daemo-

453 2468 551 2535 nium
569 2468 700 2537 Christi
718 2469 862 2537 nomine
882 2466 1095 2538 excluditur.
1134 2469 1228 2539 Nam
1247 2471 1373 2562 utique
1391 2472 1501 2545 haere-

453 2582 545 2653 ticus
570 2584 596 2653 si
623 2583 746 2653 afferat
771 2606 912 2675 precem
936 2584 1110 2667 vitiosam,
1128 2607 1196 2654 neo
1221 2584 1356 2656 bonum
1373 2587 1501 2659 ehabet

453 2698 608 2768 caritatis
625 2698 802 2780 affectum,
820 2722 890 2789 quo
913 2697 1023 2790 possit
1039 2698 1099 2769 illa
1122 2701 1299 2791 imperitia
1323 2706 1499 2795 superam

453 2824 490 2883 et
518 2814 597 2883 ideo
625 2813 747 2882 similis
774 2824 830 2884 est
857 2814 890 2884 ci
918 2816 1132 2906 quicumque
1158 2817 1193 2884 in
1219 2818 1296 2908 ipsa
1316 2817 1499 2890 Catholioa

453 2931 591 2999 invidus
617 2941 654 2999 ot
680 2929 882 3010 malevolus,
901 2929 1022 3021 quales
1048 2929 1120 2999 illic
1147 2933 1263 3022 arguit
1283 2930 1498 3025 Cyprianus:

452 3044 574 3115 afferat
595 3047 713 3127 etiam,
731 3056 772 3113 ut
796 3046 869 3113 ficri
897 3045 999 3127 solet,
1018 3046 1170 3137 aliquam
1199 3071 1351 3138 precem,
1371 3052 1408 3120 in
1432 3074 1500 3142 qua

454 3160 617 3249 loquutur
636 3170 758 3228 contra
776 3160 934 3251 regulam
952 3161 1055 3244 fidci3
1081 3162 1184 3231 multi
1208 3163 1339 3253 quippe
1363 3165 1498 3234 irruunt

452 3276 488 3343 in
518 3298 649 3365 praeca,
678 3299 745 3343 non
778 3276 891 3344 solum
923 3276 967 3344 ab
998 3276 1169 3368 imperitis
1198 3277 1415 3369 loquacibus,
1439 3282 1498 3351 sed

452 3390 559 3458 etiam
592 3391 636 3458 ab
667 3390 844 3459 haereticis
873 3393 1094 3481 compositas,
1126 3402 1162 3460 ct
1193 3401 1255 3482 per
1290 3392 1498 3485 ignorantiae

453 3504 725 3596 simplicitatem,
753 3528 822 3573 uon
851 3528 910 3573 eas
934 3505 1090 3575 valentes
1116 3508 1322 3589 discerncre,
1350 3519 1499 3579 utuntur

453 3622 503 3689 eis
529 3621 739 3690 arbitrantes
764 3622 857 3711 quod
879 3622 982 3690 bonae
1008 3624 1098 3705 sint;
1126 3646 1189 3691 nco
1211 3633 1331 3693 tamon
1350 3628 1445 3715 quod
1463 3629 1498 3695 in

453 3736 503 3806 eis
532 3759 733 3828 perversum
761 3745 815 3805 cst
841 3746 989 3807 evacuat
1019 3738 1080 3807 illa
1106 3762 1182 3828 quae
1212 3738 1261 3807 ibi
1286 3754 1384 3810 recta
1407 3750 1498 3822 suut,

452 3853 512 3921 sed
539 3851 584 3920 ab
609 3852 660 3919 eis
685 3852 802 3941 potius
828 3861 1040 3922 evacuatur:
1072 3853 1163 3922 sicut
1188 3854 1224 3921 in
1252 3854 1327 3944 ipso
1355 3854 1496 3925 homine

493 4056 505 4087 ⁰
521 4046 568 4103 Sic
583 4046 611 4101 in
627 4046 717 4102 MSS.
734 4056 762 4103 et
777 4049 852 4124 aliud
867 4051 953 4123 Cypr.
990 4051 1029 4105 At
1045 4051 1115 4106 Lov.
1131 4070 1147 4105 u
1162 4070 1243 4125 repuo
1259 4051 1384 4108 caelorum
1400 4054 1496 4110 Eccle-

451 4144 493 4198 εἰει
501 4144 554 4216 fiet
569 4143 683 4199 alienus,
727 4145 836 4215 (Habet
850 4165 866 4200 a
881 4165 962 4219 requo
976 4147 1054 4220 prior
1069 4149 1171 4219 meua)

492 4238 504 4273 ‘¹
520 4239 588 4296 Sola
601 4239 659 4294 sere
679 4240 764 4297 editio
780 4242 850 4298 Lov.
867 4244 1107 4316 ruuuifhstoreutur
1121 4245 1208 4318 aliqui
1222 4245 1362 4320 baptizoti,
1382 4291 1407 4303 ..
1424 4291 1487 4304 ....

444 4336 608 4406 juberentur
622 4338 706 4392 denuo
721 4339 864 4412 baptizari.

493 4434 605 4497 additi,
621 4434 727 4490 lateat.
771 4440 809 4492 At
825 4436 914 4493 MSS.
931 4438 1019 4495 lubet.
