3900 5167
823 442 1133 507 DISPUTATIO.
1434 444 1499 509 205

449 615 520 679 criti
541 617 580 678 τὸ
600 615 668 696 περὶ
688 619 748 678 σῦν
763 616 933 694 μυστηρίων
952 614 1001 677 ἐπὶ
1023 613 1249 696 κατηχουμέυων
1263 618 1375 681 λευκῶς
1388 619 1499 680 λαλοῦ-

448 742 517 797 μεν,
534 718 617 780 blau
641 719 743 780 πολλὰ
767 716 915 784 πολλάκις
938 715 1070 799 λέγομεν
1094 716 1377 797 transsumptum,
1398 718 1449 781 ἵνα
1470 719 1500 782 cl

451 822 564 887 εἰδότες
577 819 687 894 πιστοὶ,
704 818 846 898 νοήσωσι,
862 820 912 883 καὶ
926 821 954 884 cl
967 819 1008 899 μὴ
1024 821 1142 897 εἰδότες,
1157 818 1198 900 μὴ
1212 826 1366 899 βλαβῶσι.

452 1026 507 1064 nos
521 1007 557 1063 de
570 1005 712 1082 mysteriis
721 1005 810 1063 rerba
822 1005 951 1073 facimus,
1001 1014 1081 1075 nent,
1106 1005 1285 1081 intelliguut3
1316 1015 1346 1064 et
1369 1009 1417 1083 qui
1442 1027 1499 1064 non

452 1088 505 1145 sed
526 1088 616 1145 multu
638 1105 714 1163 saepe
736 1087 878 1161 loquimur
902 1104 949 1145 oe·
1001 1095 1111 1155 teuent,
1126 1105 1162 1144 ue
1175 1088 1325 1146 laeduntur.

452 1169 548 1227 culte:
571 1176 603 1227 ut
626 1168 724 1226 fideles
748 1168 796 1243 qui
820 1187 881 1226 rem
909 1178 950 1226 te·

865 1384 1077 1419 ...ff—-

499 1574 674 1651 Snuvirun,
696 1578 733 1636 ut
753 1592 775 1637 a
795 1571 957 1656 Zacagnio
981 1592 1079 1656 supra
1101 1571 1134 1635 in
1159 1571 1290 1636 Praefat.
1310 1593 1362 1657 pp.
1381 1593 1430 1659 13·
1447 1594 1498 1660 34.

453 1681 617 1739 ostensum
631 1681 693 1752 est,
708 1674 741 1737 in
755 1673 948 1739 bibliotheca
963 1673 1198 1737 vindobonensi
1209 1673 1360 1738 Archelai
1374 1675 1500 1741 nomine

453 1775 642 1860 inscriptum
656 1775 865 1860 Excerptum,
879 1776 969 1862 cujus
984 1775 1162 1859 exemplum
1181 1782 1295 1839 nactus
1315 1798 1374 1860 ego
1393 1777 1501 1841 lavore

453 1876 585 1940 illustris
600 1877 831 1941 bibliothecarii
844 1885 882 1942 ut
896 1877 981 1953 olim,
993 1877 1041 1941 ita
1057 1898 1139 1940 nunc
1154 1899 1291 1962 quoque,
1307 1877 1391 1943 idem
1406 1879 1501 1944 edere

453 1978 691 2044 constitueram.
736 1980 816 2046 Oum
837 2001 911 2044 vero
932 1978 1010 2042 nihil
1034 1978 1067 2042 in
1092 2000 1130 2042 eo
1154 1979 1202 2042 vel
1227 1980 1321 2043 affine
1344 1980 1392 2043 vel
1417 2003 1500 2045 com-

454 2103 549 2146 mune
563 2104 635 2146 cum
653 2082 714 2146 hac
729 2083 957 2168 Disputatione
972 2088 1062 2146 extet
1071 2105 1081 2157 ;
1103 2080 1245 2166 aliusque
1259 2081 1356 2146 fuerit
1372 2084 1498 2147 Arche·

452 2184 523 2248 laus
537 2183 740 2269 cognominis,
751 2185 805 2270 qui
820 2184 934 2248 saeculo
947 2184 1058 2269 quinto
1071 2190 1184 2247 contra
1195 2184 1352 2247 Euchitas
1363 2185 1501 2270 scripsit,

454 2292 581 2350 mutata
595 2284 755 2350 sententia
769 2307 840 2350 mea
855 2286 1125 2369 supersedendum
1139 2285 1223 2349 istud
1237 2285 1314 2351 mihi
1326 2286 1425 2352 visum
1441 2296 1499 2353 est.

863 2506 1087 2537 4...-

498 2680 581 2760 Qum·
603 2700 679 2764 ergo
696 2678 781 2760 ῥήσει
802 2677 1042 2741 Vindobonensi
1062 2676 1189 2758 culmea,
1209 2678 1359 2743 hocloco
1385 2678 1501 2744 iterum

454 2781 604 2846 nonnulla
625 2803 666 2845 ex
685 2781 853 2844 Rrecarrrc
867 2780 1103 2864 Imperatorum
1123 2780 1313 2846 Diocletiani
1333 2791 1366 2847 et
1382 2783 1500 2848 Galerii

455 2883 645 2950 Maximiani
674 2883 716 2948 ad
741 2882 907 2947 Julianum
936 2882 1162 2947 Proconsulem
1186 2883 1306 2947 Africae
1332 2885 1501 2971 desumpta

453 2986 590 3069 adpone,
616 2993 653 3049 ut
681 3007 723 3049 ex
751 2984 885 3049 notabili
910 2983 993 3047 illius
1018 2983 1126 3048 aetatis
1151 2991 1357 3049 monumento
1381 2985 1501 3071 liquido

453 3094 588 3166 constet,
604 3087 653 3150 his
672 3086 799 3151 circiter
818 3086 1015 3171 temporibus
1036 3085 1187 3171 irrupisse
1206 3086 1238 3149 in
1258 3087 1367 3151 orbem
1383 3088 1500 3154 Roma·

452 3211 530 3253 num
542 3190 604 3254 hoc
617 3196 744 3254 tantum
759 3188 878 3254 malum
894 3187 1191 3253 Manichaeismum!

503 3378 681 3462 Quoniam
698 3378 799 3448 nobis
817 3376 896 3466 (uos
911 3374 982 3447 uult
998 3400 1161 3471 reponere
1176 3377 1411 3476 Cunuepieter,
1430 3405 1502 3452 ma·

453 3492 515 3564 lim
532 3517 592 3590 eqo
608 3514 672 3563 ncs
689 3493 865 3584 istos)„de
890 3493 1018 3584 quibus
1044 3493 1195 3565 Solertia
1220 3504 1283 3567 tua
1309 3496 1500 3568 Serenitati

453 3618 580 3681 nostrae
597 3609 730 3692 retulit,
745 3607 964 3679 Manichaeos
981 3609 1181 3679 audivimus
1195 3618 1271 3681 ¹eos
1288 3615 1500 3704 nuperrime,

454 3726 552 3796 velut
577 3749 668 3796 nova
692 3726 874 3817 inopinata
898 3725 1067 3818 prodigia,
1085 3727 1120 3794 in
1144 3726 1238 3796 bunc
1262 3728 1433 3798 mundum
1456 3729 1501 3800 de

455 3840 595 3910 Persica
624 3841 820 3910 adversaria
847 3838 949 3909 uobis
983 3847 1091 3932 gente
1126 3863 1307 3933 progressa
1336 3843 1392 3912 vel
1423 3853 1502 3914 orta

454 3979 549 4035 esse;
583 3964 621 4025 et
654 3956 768 4026 multa
801 3956 956 4025 facinora
990 3955 1036 4025 ibi
1073 3958 1317 4027 committere:
1352 3959 1501 4050 populos

454 4095 606 4164 namque
633 4073 772 4163 quietos
798 4071 1022 4163 perturbare:
1050 4094 1210 4141 necnon
1237 4083 1274 4141 et
1297 4075 1500 4146 civitatibus

453 4191 608 4258 maxima
625 4188 841 4258 detrimenta
856 4188 1009 4256 inserere
1027 4186 1202 4279 (ingerere
1220 4187 1347 4260 mavult
1366 4190 1501 4264 Canne-

763 4422 769 4443 ¹
789 4416 865 4490 [For.
881 4417 1032 4474 delendum
1046 4435 1091 4471 eor
1106 4418 1172 4490 est]
