3900 5167
534 439 578 503 64
765 442 1019 504 ARCHELAI
1044 441 1109 503 ET
1134 441 1355 505 MANETIS

534 610 657 714 λόγοις
678 614 805 709 αὐτῶν,
824 611 1042 711 ἀποθνήσκει
1067 620 1115 696 εὶς
1140 612 1221 695 τούς
1245 618 1387 711 αἰῶνας,
1404 609 1580 711 δεδεμένος

532 744 581 822 εἱς
598 739 663 837 τὴν
681 746 815 836 βῶλον,
832 739 887 818 ὅτι
913 742 977 818 οὐκ
1003 740 1112 838 ἔμαθε
1130 737 1196 838 τὴν
1214 745 1352 839 γνῶσιν
1370 748 1436 819 τοῦ
1452 744 1576 842 Παρα·

531 862 678 961 κλήτου.
719 865 916 943 ἐνετείλατο
943 863 981 943 δὲ
1008 872 1081 949 τοῖς
1110 867 1287 950 ἐκλεκτοῖς
1315 867 1425 945 αὑτοῦ
1454 863 1581 963 μόνοις,

532 991 574 1068 οὐ
604 990 718 1069 πλέον
745 990 836 1071 ἑπτὰ
868 992 950 1071 οὖσι
983 991 1047 1072 τὸν
1078 990 1240 1095 ἀριθμόν·
1268 992 1360 1073 Ἐὰν
1387 992 1581 1092 παύσησθε

532 1117 720 1213 ἐσθίοντες,
753 1120 912 1223 εὔχεσθε,
946 1122 1004 1198 καὶ
1034 1118 1194 1213 βάλλετε
1230 1121 1289 1199 ἐπὶ
1319 1122 1384 1218 τῆς
1422 1123 1581 1225 κεφαλῆς

532 1243 652 1322 ἔλαιον
684 1244 947 1350 ἐξωρκισμένον
980 1245 1134 1345 ὀνόμασι
1165 1252 1330 1343 πολλοῖς,
1363 1243 1456 1349 πρὸς
1488 1279 1580 1345 ιπη-

531 1368 660 1471 ριγμὸν
678 1376 741 1468 τῆς
758 1374 914 1456 πίστεως
932 1371 1077 1472 ταύτης.
1119 1370 1165 1451 τὰ
1189 1371 1229 1451 δὲ
1254 1368 1413 1471 ὀνόματά
1438 1406 1500 1470 μοι
1522 1372 1583 1452 οὐκ

531 1496 748 1600 ἐφανερώθη.
786 1497 888 1594 μόνοι
905 1496 979 1599 γὰρ
997 1503 1030 1576 οἱ
1049 1496 1141 1579 ἑπτὰ
1159 1496 1302 1582 τούτοις
1319 1502 1487 1602 χρῶνται.
1528 1500 1583 1577 καὶ

531 1621 644 1700 πάλιν
662 1619 704 1700 τὸ
722 1629 805 1724 παρ’
825 1624 929 1720 Χὑμῖν
947 1624 1064 1722 τίμιον
1083 1626 1141 1703 καὶ
1165 1622 1259 1724 μέγα
1283 1622 1396 1720 ὄνομα
1415 1621 1581 1718 Σαθαύιθ,

533 1747 620 1828 αὐτὸ
648 1744 734 1827 εἶναι
761 1746 827 1845 τὴν
846 1748 960 1854 φύσιν
979 1758 1043 1828 τοῦ
1068 1749 1268 1851 ἀνθρώποις,
1286 1752 1344 1829 καὶ
1366 1747 1505 1849 πατέρα
1523 1752 1582 1847 τῆς

532 1959 610 2015 sam,
641 1939 789 2023 quoniam
825 1960 888 2001 non
921 1939 1033 2004 didieit
1083 1941 1153 2018 mis,
1168 1942 1209 2005 ad
1225 1940 1498 2006 confirmationem
1511 1941 1581 2005 fidei

532 2023 696 2089 seientiam
728 2024 888 2089 Paraeliti.
947 2026 1033 2088 Prae·
1084 2026 1212 2112 'hujus3
1237 2026 1365 2091 nomina
1383 2033 1493 2090 tamen
1508 2026 1581 2090 mihi

532 2109 610 2193 cipit
621 2117 729 2173 eutem
744 2110 853 2174 eleetis
868 2109 933 2173 suis
948 2111 1031 2185 solis,
1083 2132 1146 2173 non
1166 2111 1392 2186 manifestavit,
1408 2111 1484 2175 tsoli
1502 2112 1581 2176 enim

532 2194 606 2279 equi
622 2217 682 2258 non
698 2204 773 2260 sunt
787 2194 922 2279 amplius
938 2217 1033 2280 quam
1083 2196 1129 2260 illi
1140 2204 1261 2281 septem
1273 2202 1409 2261 utuntur
1420 2196 1471 2261 his
1486 2196 1582 2261 nomi·

532 2286 654 2363 septem
668 2301 810 2357 numero,
824 2288 861 2345 ut
876 2303 948 2344 eum
959 2282 1033 2345 ‘ide-
1084 2282 1185 2346 nibus.
1209 2281 1255 2347 Et
1266 2282 1403 2346 uiterum
1414 2282 1487 2358 hoe,
1500 2282 1583 2369 quod

531 2366 672 2431 sinerent
697 2367 936 2443 manducantes,
962 2386 1032 2431 ora·
1083 2378 1122 2431 ¹e
1145 2369 1252 2432 udvos
1266 2375 1473 2452 magnumst
1487 2367 1584 2433 hono

531 2458 612 2528 rent,
629 2459 662 2515 et
683 2451 848 2517 mitterent
863 2452 967 2516 oleum
982 2474 1033 2515 su·
1082 2389 1182 2517 naiile
1197 2460 1268 2518 rest
1289 2474 1404 2517 nomen
1427 2454 1587 2532 Sabaoth,

532 2556 589 2635 per
625 2545 733 2622 eaput,
769 2537 1031 2613 romanianum,
1082 2537 1134 2602 ille
1160 2537 1238 2603 dieit
1261 2544 1410 2603 naturam
1434 2560 1505 2604 esse
1531 2540 1589 2603 ho·

531 2624 685 2687 invocatis
721 2622 901 2687 nominibus
935 2622 1032 2709 pluri-
1083 2623 1185 2702 minis,
1217 2630 1250 2688 et
1278 2634 1403 2710 patrem
1432 2624 1593 2710 eoneupi·

572 2819 586 2856 Ρ
608 2810 686 2865 idem
703 2810 803 2875 codex,
818 2811 950 2885 quisunt.
972 2810 1048 2866 male
1061 2810 1152 2867 lectio.

572 2916 588 2959 (ι
609 2904 707 2962 Codex
725 2906 881 2971 Bobiensis,
897 2907 1053 2962 deeinmint.

572 3010 584 3040 ¹
605 3000 708 3057 Oleum
723 3001 928 3057 exorcidietum
944 3002 993 3068 ait,
1007 3020 1060 3075 pro
1074 3001 1276 3067 exorcizatum,
1292 3010 1491 3076 contraquam
1505 3012 1608 3062 veter

531 3116 577 3154 res
590 3099 732 3155 interdum
747 3099 870 3155 scribere
885 3099 1032 3163 solebant;
1055 3098 1102 3154 hic
1123 3098 1197 3155 enim
1220 3098 1384 3174 syllabam,
1399 3100 1429 3155 in
1443 3102 1500 3167 dia,
1515 3120 1603 3159 cone

531 3195 659 3257 vertitur,
682 3194 721 3251 illi
746 3204 840 3251 autem
864 3195 1093 3269 praepositionem
1117 3214 1240 3270 graecam
1263 3198 1314 3264 διὰ,
1337 3197 1400 3269 etj
1420 3214 1626 3255 consonuit

531 3292 674 3348 vocalibus
688 3293 853 3367 adjunctum
867 3294 897 3349 in
911 3313 927 3349 τ
941 3294 1106 3359 mutabant;
1130 3294 1170 3349 sic
1181 3294 1313 3361 Zabnlas,
1324 3313 1376 3369 pro
1389 3294 1539 3360 Diabolus,
1555 3304 1617 3352 et:

531 3389 640 3445 similia.
673 3389 743 3446 Vide
758 3390 905 3446 Barthium
921 3390 950 3445 in
964 3390 1040 3446 notis
1054 3390 1091 3447 ad
1105 3390 1290 3448 Phoebedium
1305 3410 1366 3466 cap.
1389 3408 1411 3447 1.
1445 3391 1504 3464 (De
1519 3409 1605 3465 par-

530 3484 678 3541 ticenae
699 3486 728 3541 in
750 3489 779 3553 ζὰ
797 3486 941 3542 AEolicum
960 3495 1070 3544 mutata
1094 3487 1280 3544 consulendas
1301 3494 1398 3543 monet
1413 3486 1598 3544 Gallandius-

531 3582 751 3639 Observationes
765 3584 801 3639 ed
817 3584 943 3658 Hesych.
959 3603 985 3638 v.
1001 3584 1163 3653 ζαβόλλειν.)

569 3690 581 3721 ⁸
606 3680 707 3736 Codex
729 3681 888 3744 Bobiensis,
912 3681 949 3736 ad
974 3682 1203 3756 confirmationem
1223 3678 1302 3752 fidei.
1343 3678 1441 3750 Heius
1462 3679 1579 3734 nornine.

531 3776 703 3841 Cannensis,
718 3779 755 3832 od
773 3779 997 3853 confirmationem
1012 3777 1091 3851 fidei.
1136 3778 1241 3831 Horum
1256 3777 1369 3831 nomino.
1413 3775 1479 3832 Nos
1496 3775 1580 3849 juxta

529 3872 615 3928 fidem
629 3872 716 3947 graeci
733 3873 807 3946 epud
823 3872 1012 3947 Epiphanium
1031 3880 1127 3929 textus
1146 3869 1367 3935 emendavimus,
1381 3870 1420 3925 ad
1435 3869 1577 3944 confimo-

529 3970 626 4026 tionem
633 3971 702 4043 fidei
715 3969 803 4041 liujus.
846 3970 967 4026 Nomina
982 3977 1079 4033 tamen,
1090 3972 1143 4025 &e

570 4066 581 4107 ἵ
603 4065 702 4123 Codex
719 4067 891 4132 Cannensis,
905 4068 958 4123 soli
972 4076 1070 4122 autem.

571 4176 586 4206 1¹
609 4163 756 4221 Bobiensis
771 4165 870 4228 codex,
886 4166 985 4220 iterum
999 4164 1078 4238 qnod.

571 4270 586 4300 ¹
610 4260 685 4317 Hinc
710 4270 788 4335 patet
813 4261 888 4334 apud
909 4260 1099 4335 Epiphaniam
1120 4259 1273 4333 legendum
1298 4276 1356 4314 non
1377 4275 1440 4314 esse
1465 4258 1533 4328 ἡμῖν,
1549 4264 1577 4312 ut

530 4358 613 4430 paulo
628 4366 694 4416 ante
710 4358 879 4414 monuimus·
1012 4368 1026 4411 ν
1048 4356 1147 4413 Codex
1162 4356 1321 4421 Bobiensis,
1335 4362 1414 4410 esset.
