3900 5167
532 450 597 513 130
754 450 1009 515 ARCHELAI
1038 452 1104 515 ET
1134 451 1355 517 MANETIS

531 626 609 705 rios,
627 624 915 718 transfigurantes
936 648 974 696 se
995 626 1032 695 in
1052 624 1242 718 Apostolos
1259 625 1405 710 Christi,
1423 624 1490 698 'Et
1512 650 1577 697 non

531 741 682 820 mirum·
708 741 780 835 ipae
797 742 887 812 enirn
905 740 1057 814 Satanas
1074 742 1297 840 transfiyarot
1316 767 1363 828 se,
1381 742 1579 815 922122242-

526 855 639 953 pelam
659 855 758 928 lucia
811 855 908 946 Quid
931 880 1012 954 erpo
1035 859 1256 955 mapnnmmt'
1278 868 1311 930 et
1332 859 1491 931 ministri
1512 860 1578 952 aaa

531 972 818 1069 tranrfipurentnr
852 975 890 1042 in
919 973 1098 1045 ministros
1120 974 1293 1067 justitie:
1325 998 1472 1069 quornm
1493 976 1579 1070 finis

529 1090 596 1160 erit
620 1088 804 1160 reundum
832 1112 937 1183 opera
963 1090 1115 1160 amum?
1140 1091 1281 1161 Iudicat
1307 1100 1431 1162 antem
1462 1091 1579 1184 quales

530 1215 660 1290 essent,
678 1215 716 1275 et
738 1229 760 1276 a
782 1206 909 1297 quibus
935 1206 1312 1277 circumveniebantur.
1364 1207 1579 1278 Volentibus

530 1329 650 1390 antem
679 1319 817 1391 Galatia
846 1320 892 1391 ab
921 1319 1116 1414 Evangelio
1146 1321 1323 1391 transferri
1350 1323 1413 1403 ait,
1443 1320 1580 1391 ²Miror

531 1434 623 1528 qnod
637 1436 689 1505 sic
706 1444 774 1505 tarn
793 1436 860 1506 cito
878 1434 1137 1530 transferimini
1158 1434 1200 1507 ab
1217 1459 1264 1518 eo,
1283 1437 1344 1531 qui
1360 1438 1494 1508 meavit
1515 1460 1578 1521 cos,

532 1550 570 1619 in
596 1547 695 1620 alind
715 1548 954 1647 annpelinm,
979 1550 1071 1644 qnod
1092 1574 1159 1621 nan
1188 1560 1237 1621 est
1259 1548 1377 1620 alind:
1406 1550 1480 1620 nui
1505 1559 1580 1621 aunt

533 1667 594 1760 qni
619 1690 676 1737 ooo
701 1665 914 1748 conturbant,
931 1676 963 1738 et
989 1666 1104 1738 oolrrnt
1129 1676 1302 1737 ¹lanertere
1325 1689 1383 1736 eoa
1406 1664 1447 1736 ab
1465 1665 1579 1738 Euan-

527 1780 618 1878 petio
637 1779 782 1854 Christi.
834 1780 906 1854 Sed
927 1782 1031 1852 etiam
1055 1782 1088 1851 si
1110 1804 1172 1852 nos
1190 1782 1268 1875 ipsi,
1286 1790 1347 1851 ant
1362 1780 1520 1879 Anneius
1542 1781 1580 1851 dr

532 1895 614 1967 eceb
639 1895 731 1968 vobis
757 1897 1026 1979 annuntiaverit,
1047 1906 1281 1990 praeterquam
1299 1896 1392 1990 qnod
1416 1896 1578 1968 traditan

532 2021 581 2083 est
597 2011 699 2095 uobis,
717 2010 897 2083 anathema
913 2012 967 2082 ait.
1022 2010 1070 2081 Et
1091 2034 1230 2081 rursum
1253 2012 1312 2093 ait,
1329 2009 1449 2081 ³Mibi
1466 2011 1579 2104 infimo

532 2128 685 2198 omnium
703 2125 964 2221 ‘Apostolorum
985 2125 1066 2196 data
1083 2135 1131 2196 est
1143 2126 1263 2223 pratia
1279 2124 1362 2197 bec.
1390 2125 1480 2215 Quen
1492 2127 1578 2197 enirn

532 2240 672 2313 deerant
688 2241 949 2313 tribulationum
968 2239 1115 2324 Christi,
1135 2242 1173 2311 in
1191 2265 1293 2312 corne
1310 2264 1384 2311 rnea
1401 2240 1578 2336 adimpleo.

534 2357 583 2427 Et
604 2361 640 2427 in
667 2360 736 2428 alio
760 2381 897 2428 rursum
920 2358 999 2428 loco
1017 2359 1212 2450 profitetur,
1231 2362 1313 2451 qnia
1328 2358 1463 2452 ⁴Super
1489 2368 1579 2430 cren·

532 2497 590 2543 ros
608 2471 744 2546 Christi
768 2474 935 2556 minister,
954 2483 1122 2565 tanquam
1149 2476 1177 2544 si
1204 2486 1327 2567 postea
1349 2476 1496 2545 omnino
1514 2498 1579 2545 non

532 2590 579 2659 sit
604 2588 693 2659 alius
718 2590 981 2680 expectandum
1010 2589 1117 2680 jubet
1143 2592 1239 2659 enim
1266 2614 1384 2683 neque
1415 2591 1578 2684 angelum

532 2704 578 2773 dc
603 2704 690 2774 caelo
713 2705 853 2795 suscipi.
906 2703 955 2773 Et
978 2706 1156 2795 quomodo
1181 2707 1243 2774 “de
1270 2705 1414 2775 Perside
1441 2709 1579 2776 venien-

533 2829 607 2890 tem
635 2819 794 2903 Manem,
820 2830 857 2890 et
889 2822 1065 2890 dicentem
1094 2843 1132 2891 se
1159 2843 1236 2892 esse
1263 2821 1492 2906 Paraclitum,
1522 2844 1579 2891 nos

533 2958 608 3005 esse
626 2936 827 3005 credimus?
855 2936 912 3004 Ita
929 2937 1025 3005 enim
1043 2960 1194 3029 agnosco
1212 2960 1257 3007 ex
1275 2938 1353 3020 hoc,
1372 2940 1466 3028 qnod
1494 2959 1579 3007 unus

532 3052 600 3121 iste
623 3053 668 3121 sit
692 3074 738 3121 ex
761 3051 841 3134 illis,
859 3053 918 3142 qui
943 3053 1246 3133 transformantur,
1265 3055 1309 3122 de
1327 3053 1457 3143 quibus
1473 3054 1579 3123 mani-

573 3272 589 3316 Ρ
604 3263 648 3318 lta
662 3270 691 3318 et
706 3261 865 3336 Cyprianus
878 3262 954 3318 haud
969 3262 1066 3336 procul
1081 3263 1116 3318 ab
1131 3262 1212 3319 initio
1225 3263 1290 3319 libri
1305 3264 1340 3320 de
1351 3263 1472 3320 Unitate
1484 3263 1579 3319 Eccle-

533 3359 590 3425 siae,
606 3378 639 3415 ac
654 3360 677 3414 si
697 3359 726 3415 iu
745 3378 840 3433 graeco
854 3367 936 3416 textu
950 3368 1027 3415 esset
1041 3360 1084 3416 iu.
1128 3359 1186 3416 Sed
1199 3360 1334 3434 Vulgata,
1350 3369 1380 3416 et
1393 3359 1582 3417 Tertullianus

532 3456 658 3530 pluribus
672 3457 701 3511 iu
716 3456 785 3512 locis
799 3456 909 3530 legunt,
925 3456 960 3511 In
975 3455 1110 3531 Anneium
1125 3456 1202 3513 lucis.

574 3563 589 3606 (t
611 3553 716 3609 Melius
728 3552 863 3628 Vulgata,
879 3552 1116 3627 adstipulantibus
1136 3553 1288 3628 Cypriano,
1306 3553 1465 3618 Ambrosio,
1482 3554 1584 3610 Hiero-

533 3670 628 3725 nymo,
645 3658 674 3706 et
688 3651 857 3724 Augustino,
872 3659 1027 3706 convertere
1045 3650 1224 3725 Evanqeliam
1240 3650 1361 3716 Christe
1382 3651 1450 3707 licet
1471 3651 1583 3708 Tertul-

532 3747 622 3804 lianus
638 3748 700 3803 adv.
713 3747 889 3803 Marcionem
903 3746 952 3802 lib.
968 3747 1005 3802 iv.
1021 3766 1083 3820 cap.
1096 3763 1125 3822 5.
1137 3755 1303 3821 pervertere,
1318 3747 1423 3822 legisse
1434 3748 1575 3805 videatur.

574 3854 586 3885 ¹
601 3844 700 3900 Graece
715 3852 767 3907 est,
784 3844 872 3915 ἁγίων.
907 3843 1079 3908 Sanctorum,
1096 3853 1127 3899 ut
1141 3844 1227 3901 habet
1241 3844 1376 3919 Vulgata.

573 3952 584 3982 ⁵
609 3941 642 3997 In
657 3940 806 3997 casinensi
820 3950 969 4013 corruptus
984 3948 1028 3995 est
1046 3939 1093 3994 hic
1114 3940 1203 4003 locus,
1218 3940 1303 3995 habet
1317 3940 1402 4003 enirn,
1418 3941 1451 3995 de
1467 3942 1583 3998 Persida

532 4040 677 4094 uenientem
691 4047 795 4101 monet,·
818 4037 867 4093 sed
881 4037 1044 4111 legendum,
1060 4036 1180 4102 Manem,
1197 4037 1241 4093 vel
1262 4038 1349 4101 modo,
1365 4044 1411 4101 tec.
1451 4037 1582 4109 (Persida

533 4153 598 4190 cum
613 4135 727 4191 Percide
740 4135 787 4190 hic
801 4143 830 4191 et
845 4153 929 4208 supra
941 4132 1070 4203 mutavi.)

547 4278 554 4301 ¹
572 4289 587 4327 2
604 4271 670 4327 Cor.
686 4272 724 4327 xi.
740 4290 784 4344 14,
800 4290 809 4326 ι
817 4289 843 4345 5.
903 4276 911 4299 ¹
927 4270 995 4328 Gal.
1010 4272 1026 4327 i.
1043 4271 1132 4326 6-8.
1199 4271 1295 4344 ¹pr
1307 4270 1346 4326 iii.
1365 4271 1391 4327 8.
1416 4270 1479 4326 Col.
1494 4270 1511 4324 i.
1524 4288 1569 4341 24.

930 4376 939 4403 ⁴
957 4386 971 4424 2
989 4369 1057 4425 Cor.
1074 4368 1112 4423 xi.
1130 4385 1176 4438 23.
