3900 5167
532 460 596 522 150
760 458 1013 522 ARCHELAI
1038 457 1103 520 ΕΤ
1127 457 1348 522 MANETIS

531 641 663 712 autem,
682 631 726 700 de
743 653 813 722 quo
837 632 996 712 dicimus,
1020 631 1175 701 breviter
1199 654 1386 722 exponam.
1441 629 1572 702 ¹Homo

532 751 675 842 quidam
693 759 769 820 erat
786 750 893 832 dives,
910 749 1094 842 gentiliter
1104 752 1233 832 vivens,
1252 751 1288 820 in
1306 748 1423 819 multa
1440 750 1574 821 luxuria

531 865 689 956 quotidie
707 867 858 958 degens3
883 864 972 934 alius
989 887 1072 934 vero
1090 887 1223 957 pauper
1238 874 1315 935 erat
1332 867 1470 935 vicinus
1492 866 1574 956 ejus,

531 983 591 1073 qui
621 1002 667 1049 ne
691 981 937 1072 quotidianum
965 981 1108 1072 quidem
1138 980 1256 1050 cibum
1288 977 1457 1072 hpotarat
1484 982 1575 1050 inse·

531 1098 617 1166 nire.
669 1095 814 1166 Accidit
839 1105 1018 1187 utmnque
1044 1097 1117 1165 vita
1138 1095 1330 1177 discedere,
1348 1104 1387 1164 et
1409 1097 1446 1165 in
1473 1095 1575 1165 infer·

531 1234 617 1280 num
647 1211 868 1291 descendere,
895 1221 933 1279 et
962 1233 1152 1301 pauperem
1181 1211 1277 1280 mitti
1305 1211 1342 1279 in
1373 1209 1493 1280 locum
1525 1231 1576 1279 re-

531 1327 635 1418 quiei,
654 1325 851 1415 etreliqua,
869 1347 950 1416 quae
967 1325 1070 1395 nosti.
1110 1325 1354 1395 Veruntamen
1371 1334 1475 1396 erant
1491 1326 1576 1395 divi-

532 1442 578 1511 tis
602 1441 727 1510 fratres
749 1439 915 1531 quinque,
942 1435 999 1510 ¹ea
1016 1462 1092 1531 quae
1118 1449 1156 1509 et
1179 1441 1254 1533 ipse
1277 1450 1399 1534 egerat
1421 1450 1575 1534 agentes,

531 1557 606 1626 sine
624 1556 731 1625 dubio
747 1577 825 1645 quae
838 1556 934 1624 domi
952 1578 974 1626 a
990 1555 1053 1626 tali
1071 1556 1240 1648 magistro
1253 1556 1468 1626 didicissent.
1507 1556 1576 1626 Ro-

530 1672 627 1763 gavit
652 1670 749 1739 dives
774 1668 878 1738 simui
905 1691 976 1738 uno
1004 1680 1172 1759 tempore,
1201 1680 1243 1739 ut
1269 1669 1442 1739 edisceret
1468 1672 1578 1764 majo·

530 1809 605 1856 reru
617 1786 812 1855 doctrinam
826 1807 836 1866 ;
854 1782 1038 1854 Abraham
1053 1805 1135 1853 vero
1148 1785 1269 1866 sciens,
1283 1786 1451 1876 quoniam
1462 1785 1574 1857 adhuc

530 1898 690 1991 indigent
715 1898 917 1991 paedagogo,
940 1898 990 1967 ait
1016 1899 1058 1979 ei,
1085 1898 1219 1968 habent
1245 1897 1408 1990 Moysen,
1427 1909 1466 1968 et
1493 1898 1575 1968 Pro·

529 2012 664 2105 phetas.
695 2013 733 2083 si
752 2014 847 2083 enim
864 2014 943 2084 illos
960 2037 1031 2083 nou
1048 2016 1276 2106 susceperint,
1293 2024 1335 2083 ut
1351 2014 1397 2084 ab
1415 2037 1459 2083 eo
1477 2015 1575 2085 velut

528 2129 718 2221 paedagogo
746 2131 997 2222 gubernentur,
1027 2153 1097 2199 non
1128 2140 1297 2221 poterunt
1332 2130 1474 2221 majoris
1504 2154 1575 2202 ma·

529 2245 628 2336 gistri
646 2266 771 2335 capere
788 2246 996 2315 doctrinam.

580 2357 704 2426 XLII.
731 2357 802 2427 Sed
824 2361 925 2429 etde
947 2359 1025 2429 aliis
1050 2360 1278 2439 sermonibus,
1296 2369 1338 2428 ut
1360 2370 1496 2451 potero,
1515 2384 1576 2431 ex-

530 2493 668 2562 ponam,
687 2473 722 2541 id
740 2484 803 2554 est,
821 2476 914 2565 quod
933 2497 1005 2543 non
1023 2476 1196 2544 contraria
1214 2474 1332 2566 Moysi
1359 2474 1501 2545 locutus
1524 2486 1577 2547 est

529 2584 644 2668 Jesus,
674 2582 759 2657 '‘aut
794 2589 888 2658 fecit.
942 2589 1102 2658 Primum
1132 2591 1227 2681 quod
1258 2592 1308 2659 ait
1335 2589 1480 2659 oculum
1515 2615 1575 2683 pro

530 2703 642 2783 oculo,
661 2707 804 2774 dentem
823 2729 886 2797 pro
904 2708 1020 2785 dente,
1038 2700 1123 2776 lhoc
1139 2709 1278 2797 justum
1295 2715 1370 2789 est;
1398 2708 1493 2799 quod
1518 2731 1576 2778 au·

530 2827 604 2887 tem
639 2843 766 2889 caesum
802 2832 969 2912 praestare
997 2822 1103 2913 jubet
1137 2834 1174 2891 et
1204 2822 1350 2892 alteram
1383 2822 1574 2902 maxillam,

531 2934 628 3004 n'hoc
659 2936 796 3006 bonitas
827 2948 891 3006 est.
945 2936 1117 3027 Nunquid
1141 2937 1283 3028 justitia
1312 2937 1464 3006 bonitati
1495 2959 1576 3005 con·

530 3053 635 3120 traria
665 3052 742 3120 est?
769 3050 895 3133 Absit;
923 3053 1100 3143 profectus
1130 3060 1250 3122 autem
1282 3062 1335 3121 est
1366 3051 1411 3120 de
1436 3052 1576 3142 justitia

530 3166 573 3233 ad
593 3165 798 3236 bonitatem.
839 3165 888 3235 Et
906 3190 1034 3250 rursm,
1053 3166 1209 3263 'Dipsas
1227 3176 1274 3236 est
1291 3166 1472 3259 operarius
1490 3189 1576 3235 mer-

531 3276 608 3347 cede
641 3303 713 3348 suo.
766 3282 870 3364 Quod
900 3282 927 3350 si
960 3281 1112 3351 voluerit
1147 3283 1225 3371 quis
1256 3282 1415 3350 fraudem
1452 3281 1574 3356 facere,

572 3524 587 3565 ¹¹
603 3526 701 3582 Codex
717 3527 874 3593 Bobiensis,
885 3537 986 3601 potest,
1002 3529 1076 3584 maia
1089 3528 1183 3584 lectio.

571 3620 579 3662 i
601 3623 701 3692 Codex
722 3625 879 3687 Bobiensis,
894 3634 921 3680 et
939 3645 970 3680 ea
992 3645 1050 3699 que
1068 3630 1126 3698 ipse
1141 3632 1263 3699 cesserat
1282 3631 1400 3697 spectes.
1438 3625 1476 3680 Et
1495 3625 1574 3686 infra,

531 3740 581 3775 uuo
594 3729 711 3793 tempore
725 3722 827 3776 disoem
838 3723 964 3793 mojorem
980 3724 1129 3778 doctrinam
1143 3723 1176 3777 ab
1187 3721 1331 3775 Abraham.
1354 3722 1495 3777 Acratum
1506 3741 1575 3778 vero.

533 3818 609 3888 (For.
627 3837 692 3873 mox
707 3818 819 3892 legend.
835 3821 1005 3887 ediscerent)

572 3911 586 3953 k
602 3914 681 3970 Male
697 3915 868 3979 Casinensis,
883 3916 1059 3989 auternfecit.
1091 3916 1129 3972 At
1140 3915 1169 3971 iu
1184 3912 1317 3970 Bobiensi
1332 3913 1429 3969 codice
1445 3915 1575 3988 sequitur,

532 4010 656 4066 Primum
670 4012 781 4085 quidem,
798 4015 869 4086 quod
883 4014 931 4068 ait.

571 4105 579 4147 ¹
595 4107 694 4163 Codex
709 4109 868 4172 Bobiensis,
885 4111 912 4164 ia
924 4110 982 4165 doc.

574 4216 595 4244 m
618 4205 651 4260 ln
667 4206 801 4262 Bobiensi
816 4207 912 4264 codice
927 4208 972 4263 hic
992 4206 1072 4280 plura
1086 4207 1171 4262 verba
1186 4206 1306 4267 desunt;
1329 4203 1415 4259 habet
1429 4205 1515 4270 enim,
1531 4205 1574 4260 dcc

533 4301 637 4357 bonitas
651 4312 699 4358 est.
724 4303 812 4359 Absit.

736 4459 822 4515 'Luc
838 4460 895 4515 xvi.
912 4478 955 4535 19.
1174 4466 1182 4488 ⁸
1198 4461 1270 4516 Mat.
1283 4480 1312 4516 x.
1327 4478 1372 4515 10.
