3900 5167
521 456 585 519 188
758 448 1011 517 ARCHELAI
1035 449 1101 515 ET
1126 448 1348 513 MANETIS

520 634 619 694 moto
651 623 848 702 assumitur,
883 620 978 690 illico
1014 643 1084 690 non
1118 627 1285 711 apparet;
1322 618 1375 687 ita
1410 616 1567 685 universo

519 745 691 820 creatura,
708 737 822 806 omnis
848 735 1041 827 prophetia,
1063 743 1193 804 cuncta
1217 732 1375 811 scientia,
1400 732 1567 800 universa

520 854 661 947 linguae,
693 854 785 922 sicut
817 852 977 943 superius
1011 849 1177 929 diximus,
1207 849 1447 917 destruentur.
1499 842 1567 914 Sed

521 969 605 1060 quio
621 966 774 1037 caelestis
792 965 900 1058 Regis
924 965 1148 1057 praesentiam
1165 963 1286 1056 paucis
1303 961 1432 1044 verbis,
1450 969 1488 1032 et
1504 959 1568 1029 fra·

519 1082 660 1176 gilibus,
678 1091 716 1151 et
733 1080 836 1150 valde
853 1080 1000 1150 infirmis
1017 1101 1195 1172 exponere
1211 1102 1283 1148 non
1301 1076 1397 1147 valet
1416 1076 1569 1146 humana

521 1207 656 1278 natura,
676 1207 717 1265 ut
742 1196 889 1266 fortasse
915 1194 1126 1265 Sanctomm
1152 1193 1281 1264 debeat
1303 1215 1391 1274 esse,
1409 1202 1450 1263 et
1472 1190 1570 1262 valde

522 1312 707 1405 dignorum
734 1311 779 1381 de
807 1312 883 1402 ipso
906 1308 1039 1401 aliquid
1064 1331 1245 1392 enarrare3
1270 1318 1392 1378 tamen
1422 1306 1569 1377 necessi-

522 1427 607 1497 tatis
624 1449 738 1508 eausa,
758 1427 825 1496 ista
841 1448 900 1495 me
917 1425 1048 1496 sufficit
1066 1425 1260 1517 protulisse,
1279 1423 1385 1516 hujus
1401 1425 1570 1515 importu-

522 1543 635 1612 nitate
658 1540 891 1633 compulsum,
909 1550 950 1611 ut
971 1542 1078 1611 istum
1098 1540 1196 1610 vobis
1213 1539 1325 1630 qualis
1343 1548 1440 1610 esset
1457 1548 1571 1609 osten·

524 1658 658 1728 derem.

574 1771 805 1845 XXXVIII.
834 1772 882 1843 Et
899 1797 966 1866 ego
983 1775 1125 1865 quidem
1152 1773 1317 1844 beatifico
1338 1772 1570 1852 Marcionem,

523 1900 561 1960 et
579 1886 900 1971 PValentinianum
918 1912 960 1959 ac
978 1888 1181 1970 Basilidem‚
1199 1887 1357 1980 aliosque
1381 1888 1570 1966 haeretioos,

524 2006 600 2076 asie
624 2013 665 2073 ut
689 2004 790 2075 istius
810 2005 1082 2097 comparatione,
1100 2006 1160 2096 qui
1179 2003 1277 2074 velut
1297 2002 1488 2075 inelleottu
1513 2003 1572 2075 ali·

524 2144 595 2213 quo
621 2121 675 2190 usi
702 2130 794 2201 sunt,
821 2122 880 2211 qui
905 2121 1070 2190 videntur
1093 2120 1160 2190 sibi
1185 2142 1327 2190 omnem
1354 2119 1571 2213 Scripturam

525 2260 626 2329 posse
652 2235 860 2328 intelligere,
879 2245 917 2306 et
940 2238 1015 2305 rita
1038 2259 1075 2306 se
1102 2237 1265 2306 ductores
1288 2245 1495 2306 statuerunt
1522 2236 1571 2320 iis,

525 2355 586 2445 qui
603 2376 641 2423 se
658 2352 779 2422 audire
795 2351 1006 2435 voluissent;
1033 2351 1150 2423 nullus
1164 2361 1283 2422 tamen
1296 2354 1456 2444 ipsomm
1471 2372 1571 2422 ausus

525 2477 581 2539 est
603 2470 721 2538 Deum
748 2490 786 2537 se
817 2468 1014 2558 praedicare,
1039 2467 1096 2537 vel
1122 2467 1314 2548 Christum,
1341 2465 1398 2535 vel
1424 2465 1573 2537 Paracli·

528 2594 618 2666 tum,
636 2585 728 2654 sicut
752 2586 829 2664 iste,
847 2585 907 2675 qui
933 2583 1121 2674 aliquando
1138 2583 1281 2675 quidem
1299 2583 1344 2652 de
1361 2581 1493 2654 seculis
1509 2583 1572 2652 dis

528 2707 640 2789 putat,
667 2698 854 2790 aliquando
881 2700 925 2769 de
953 2698 1037 2779 sole,
1064 2699 1242 2789 quomodo
1268 2698 1363 2768 facta
1389 2700 1472 2779 sint,
1499 2707 1571 2768 tan-

528 2836 633 2905 quam
652 2814 763 2903 major
780 2815 853 2904 ipse
871 2814 917 2883 sit
935 2836 1079 2895 eorum;
1106 2814 1221 2884 omnis
1238 2814 1346 2895 enim,
1363 2814 1425 2903 qui
1446 2814 1493 2882 de
1516 2811 1574 2882 ali·

529 2953 600 3021 quo
618 2931 765 3021 exponit
783 2931 960 3021 quomodo
979 2930 1093 2999 factus
1107 2930 1162 3009 sit,
1177 2930 1345 3019 majorem
1364 2950 1414 3009 se,
1429 2936 1467 2996 et
1485 2927 1573 2996 anti-

529 3046 686 3134 quiorem
714 3045 870 3113 ostendit
896 3066 982 3124 esse,
1003 3066 1108 3134 quam
1136 3053 1191 3112 est
1217 3043 1288 3123 ille,
1312 3044 1356 3111 de
1382 3066 1453 3133 quo
1481 3043 1573 3112 dicit.

531 3159 620 3243 Quis
638 3169 758 3228 autem
776 3168 813 3227 et
831 3159 875 3227 de
898 3158 1095 3228 substantia
1117 3157 1186 3226 Dei
1211 3159 1327 3227 dicere
1353 3159 1494 3240 audeat,
1512 3159 1575 3228 nisi

530 3276 622 3345 forte
653 3275 747 3345 solus
774 3277 949 3344 Dominus
980 3284 1100 3344 noster
1128 3273 1235 3344 Jesus
1264 3274 1450 3344 Christus?
1491 3274 1576 3357 Quae

531 3393 674 3483 quidem
697 3415 763 3484 ego
785 3415 856 3459 non
882 3415 927 3460 ex
953 3391 1042 3460 meis
1067 3391 1180 3460 verbis
1205 3400 1345 3472 astru03
1371 3391 1433 3461 sed
1460 3391 1577 3483 Scrip

531 3518 631 3587 turae,
659 3530 735 3596 quun
761 3529 825 3575 nos
852 3505 1004 3588 edocuit,
1034 3508 1245 3576 auctoritate
1276 3507 1465 3588 confirm03
1493 3529 1576 3598 quo·

575 3718 587 3754 ⁰
610 3708 839 3764 Valentinianum
861 3716 952 3773 vocat,
965 3726 1049 3781 quem
1071 3706 1116 3761 ulii
1132 3705 1312 3762 Valentinum
1334 3705 1493 3768 nominant,
1509 3705 1578 3762 cele·

533 3808 611 3862 brem
627 3805 855 3879 Apostolicorum
870 3812 1030 3878 temporum
1046 3803 1272 3859 haeresiarcham.

573 3915 588 3957 (l
604 3903 637 3959 In
649 3902 746 3958 codice
761 3901 909 3957 Casinensi
924 3909 977 3966 est,
993 3902 1062 3956 aeut
1079 3901 1156 3956 istius
1165 3901 1317 3974 paratione.
1344 3898 1402 3955 Sed
1416 3899 1578 3974 legendum,

533 4002 574 4057 εἰσ
590 4009 619 4056 ut
638 4000 716 4055 istius
735 3999 940 4073 comparatione.
984 3998 1137 4054 Archelaus
1158 3998 1233 4054 enim
1252 3998 1350 4053 beatos
1367 3996 1435 4053 facit
1456 3997 1578 4054 Marcio-

534 4115 609 4158 nem,
632 4094 756 4168 aliosque
779 4093 936 4156 haereticos,
958 4112 1016 4148 non
1042 4094 1116 4168 quod
1139 4095 1179 4150 ita
1200 4095 1234 4150 de
1252 4094 1306 4148 illis
1327 4093 1507 4150 sentiendum
1529 4095 1578 4156 sit;

535 4192 585 4248 sed
600 4190 674 4265 quod
696 4190 806 4245 Muneti
828 4190 1009 4246 insanissimo
1024 4191 1187 4264 comparati,
1203 4191 1295 4246 minus
1316 4209 1409 4246 errare
1424 4190 1579 4265 deprehen·

536 4289 647 4344 dantur.

577 4395 588 4424 r
602 4383 733 4439 Casinen.
750 4383 788 4437 ita
801 4384 953 4438 seductores
966 4392 1129 4449 statuerunt,
1145 4386 1198 4459 pai.
