3900 5167
513 453 579 518 262
880 456 911 518 S.
928 455 1201 520 AUGUSTINI

514 625 686 708 dicaciam,
703 625 969 697 commendatam
987 625 1055 697 sibi
1072 625 1274 720 illaqueata
1285 634 1402 720 posset
1419 623 1558 722 diiipcn·

515 740 564 810 tia
581 749 803 823 consumaret,
822 764 865 810 ae
889 739 930 811 ab
956 740 1074 836 atiquo
1099 742 1237 811 castitas
1254 739 1325 832 opus
1348 748 1380 810 ct
1401 739 1560 810 sanctitas

515 853 789 925 adtdterarctur:
819 852 979 928 Christus
1003 855 1178 927 Dominus
1203 864 1234 927 ct
1255 853 1355 926 Dorus
1379 864 1494 925 nostor
1518 854 1562 925 ad

515 969 657 1040 Patrem
673 970 905 1064 proficiscens,
922 994 1082 1064 sponsam
1106 995 1204 1041 uram
1229 969 1327 1042 uobis
1352 969 1562 1041 commertia·

515 1086 587 1164 uit,·
612 1094 772 1155 utrumne
788 1109 861 1155 eom
880 1087 1117 1181 incorruptam
1143 1096 1175 1158 ct
1199 1085 1399 1158 inuiolatam
1418 1086 1562 1157 matodifl

516 1224 601 1281 muas,
619 1225 665 1271 aa
683 1202 911 1298 intepritatcm
929 1202 999 1295 ejus
1024 1212 1056 1274 et
1078 1203 1265 1273 castitatem
1282 1200 1425 1273 oroecirs
1441 1211 1474 1272 ct
1490 1225 1562 1273 cor·

515 1315 712 1411 raptoribus
741 1317 954 1411 prodimus?
993 1318 1064 1408 Qui
1090 1319 1181 1390 cuim
1209 1316 1378 1412 baptisma
1400 1315 1563 1389 Ecclesia

515 1455 689 1502 comrnuoe
714 1456 789 1503 curn
816 1431 988 1504 haereticis
1002 1432 1107 1531 sacit,
1128 1457 1287 1528 sponsam
1307 1430 1444 1536 Cbristi
1468 1431 1563 1503 adui-

516 1547 599 1617 tcris
612 1548 741 1641 prodit.

568 1663 855 1755 Respondemus:
899 1665 994 1748 Quid
1031 1664 1081 1733 illi
1116 1666 1177 1757 qui
1212 1687 1294 1735 cum
1328 1665 1561 1757 baptizantur,

400 1789 402 1792 ’
517 1780 716 1863 labiisnon
743 1781 848 1851 eorde
874 1788 1130 1851 convertuntur
1158 1781 1201 1851 ad
1222 1777 1431 1864 Dominum,
1450 1801 1562 1849 noune

516 1896 749 1966 adulterinam
777 1907 934 1967 mentem
961 1897 1115 1990 gerunt?
1146 1897 1278 1967 Nonne
1305 1898 1372 1988 ipsi
1399 1905 1483 1966 sunt
1505 1917 1563 1964 sa·

517 2012 587 2082 culi
605 2013 803 2095 dilectores,
821 2016 876 2083 oui
902 2036 973 2083 nou
997 2013 1100 2085 factis
1126 2012 1187 2083 sed
1205 2012 1320 2082 verbis
1343 2013 1562 2082 renuntiave-

517 2140 611 2209 runt,
630 2139 667 2199 et
684 2131 764 2199 ideo
781 2140 1013 2221 corrumpunt
1036 2152 1152 2199 mores
1174 2130 1285 2199 bonos
1308 2151 1372 2219 per
1392 2127 1564 2218 colloquia

356 2262 437 2310 roa.
450 2275 490 2307 xv.
517 2243 621 2326 mala,
640 2246 808 2327 dieentes,
829 2245 1090 2315 Manducemus
1115 2253 1153 2314 ot
1178 2244 1352 2326 bibamus,
1370 2265 1446 2312 oras
1472 2243 1561 2311 euim

355 2339 443 2388 3²r33·

519 2360 733 2430 moriemur?
763 2360 894 2430 Nonne
912 2362 1019 2430 etiam
1039 2369 1161 2430 contra
1178 2360 1264 2429 istos
1276 2358 1434 2452 vigilavit
1453 2381 1563 2428 sermo

355 2473 756 2567 2cor.xr.3.Apostolicus‚
775 2477 835 2545 ubi
854 2477 952 2558 dicit,
974 2474 1093 2546 Timeo
1118 2484 1228 2545 autem
1254 2498 1297 2544 ue
1320 2475 1410 2543 sicut
1431 2496 1565 2567 scopans
1618 2482 1624 2489 '

517 2589 628 2662 anm
653 2590 791 2661 seducit
818 2591 946 2661 astutia
975 2591 1122 2673 suasio
1146 2600 1178 2661 et
1202 2598 1323 2661 ocstrae
1345 2598 1472 2659 montes
1495 2611 1564 2659 cor·

517 2716 726 2800 rumpantur
743 2730 764 2775 a
783 2708 936 2775 castitate
953 2729 1030 2799 quar
1047 2713 1095 2775 est
1113 2706 1150 2774 io
1170 2700 1333 2777 Christo?
1373 2704 1466 2773 Cum
1485 2727 1563 2796 ergo

518 2822 649 2891 Christi
676 2823 850 2914 bal‘rtisma
868 2822 1064 2914 Cyprianus
1090 2821 1244 2891 habebat
1270 2843 1460 2890 commune
1486 2843 1563 2889 eum

518 2939 659 3018 talibus,
695 2938 868 3027 numquid
904 2939 984 3006 ideo
1027 2959 1189 3028 sponsam
1225 2934 1355 3003 Christi
1396 2935 1564 3026 prodebat

517 3054 698 3134 adulteria,
717 3076 757 3122 ao
776 3076 846 3120 non
866 3054 983 3143 potius
1001 3052 1133 3120 monile
1154 3052 1269 3143 sponsi
1290 3053 1397 3119 etiam
1418 3053 1452 3120 in
1472 3049 1565 3120 adul-

520 3178 596 3236 tera
613 3168 872 3259 cognoscebat?

568 3281 743 3372 Aymuius
766 3283 811 3350 ab
829 3281 1000 3374 Ausuaga
1024 3283 1137 3351 dixit:
1165 3280 1239 3351 Nos
1266 3305 1371 3350 carrum
1401 3280 1566 3374 baptisma

518 3397 717 3490 accepimus.
730 3405 760 3464 ot
778 3397 889 3490 ipsum
910 3393 1139 3467 loaorocrrrus:
1168 3397 1229 3489 qui
1246 3406 1355 3465 autam
1374 3395 1469 3477 dicit,
1489 3397 1566 3488 arria

518 3521 549 3582 ct
566 3511 736 3581 lrvroroticis
754 3511 834 3581 licet
851 3511 1036 3604 baptisare,
1056 3513 1129 3605 ipso
1146 3511 1231 3580 druos
1248 3510 1431 3603 baptismos
1438 3510 1543 3605 facit.

569 3629 665 3697 Huic
684 3629 937 3718 respondetur:
966 3628 1040 3696 Cur
1065 3651 1136 3697 non
1159 3628 1265 3696 etiam
1294 3626 1354 3695 ille
1376 3628 1465 3695 duos
1487 3628 1569 3717 bap·

519 3748 641 3815 tismos
659 3745 753 3824 facit
773 3745 833 3834 qui
852 3746 939 3812 dicit
957 3745 1039 3834 quia
1058 3753 1094 3811 et
1113 3745 1221 3833 iniqui
1242 3744 1447 3833 baptizant?
1479 3744 1568 3813 Cum

518 3864 611 3932 eninr
637 3863 724 3952 justi
755 3870 792 3929 et
824 3860 936 3950 iniqui
966 3860 1031 3928 sibi
1063 3861 1227 3929 contrarii
1259 3860 1349 3941 sint;
1376 3859 1569 3951 baptismus

518 3999 623 4065 quem
643 3976 730 4044 daut
747 3976 848 4066 justi,
867 3973 979 4064 qualis
998 3984 1073 4042 erat
1092 3973 1234 4056 Paulus,
1253 3973 1308 4042 vel
1328 3976 1436 4043 etiam
1456 3973 1567 4064 qualis

561 4185 567 4229 ¹
585 4189 639 4242 Hic
656 4189 702 4243 Er.
720 4197 747 4241 ct
763 4188 832 4242 Lov.
849 4188 965 4250 addunt,
983 4197 1099 4243 terrmrrus
1114 4198 1148 4243 et.
1187 4189 1303 4257 (Voces,
1319 4197 1437 4244 tonernus
1451 4199 1486 4251 ct,
1503 4208 1569 4263 quas

520 4285 592 4355 apud
606 4284 778 4357 Cyprianum
795 4284 896 4339 delevit
914 4284 1056 4347 Baluzius,
1071 4303 1162 4358 neque
1178 4286 1206 4339 in
1223 4285 1373 4348 codicibus
1388 4286 1489 4358 quibus
1504 4304 1569 4341 usus

521 4396 591 4439 sum,
608 4378 651 4432 vel
668 4377 812 4451 Cypriani,
828 4379 871 4433 vel
888 4380 1053 4452 Augustini,
1069 4381 1228 4452 apparent.)
