3900 5167
509 462 574 528 198
731 457 982 522 ARCHELAI
1016 458 1080 519 ET
1111 455 1333 520 MANETIS

509 643 619 716 mmet,
642 642 674 703 et
696 632 735 702 im
758 655 842 725 quos
868 631 1046 725 opiniones
1072 629 1113 700 de
1138 627 1193 699 liis
1218 628 1374 701 omnibus
1394 653 1556 725 peteme·

509 758 601 819 runt.
654 747 804 837 Quidem
828 748 918 817 mim
942 744 1064 817 horem
1089 745 1263 829 dicerent,
1282 747 1387 818 initia
1405 744 1556 834 omnium

510 863 578 935 deo
595 887 674 950 esse,
692 862 813 957 quibus
838 860 926 932 bomo
950 870 982 931 et
1007 859 1098 931 mele
1124 862 1386 945 associaverunt,
1404 863 1483 956 ipse
1505 862 1557 933 di·

510 989 618 1051 eentes
636 979 740 1050 initia
758 980 832 1049 sine
850 977 952 1048 initio
969 1000 1039 1047 esse
1055 985 1088 1047 et
1105 977 1266 1074 inponite,
1283 978 1322 1047 ie'
1338 986 1387 1048 est
1404 978 1442 1047 in
1456 979 1557 1072 prie-

510 1096 612 1191 cipiis
642 1095 749 1167 locem
768 1092 897 1190 feisse,
925 1117 966 1164 aa
996 1092 1160 1177 tenebras,
1190 1118 1267 1188 qeae
1295 1118 1340 1165 eo
1367 1096 1557 1189 semetipsis

509 1221 619 1296 ment,
650 1221 736 1282 'mom
765 1234 843 1305 quie
871 1233 941 1281 esse
974 1208 1184 1281 dicebantur.
1236 1208 1327 1280 Haee
1356 1234 1434 1281 cam
1463 1211 1558 1305 epod

508 1326 687 1419 semetipse
704 1332 822 1406 essent,
836 1322 1018 1416 propriam
1036 1322 1298 1418 unumquodque
1315 1348 1433 1396 eoram
1450 1327 1555 1397 vitem

509 1438 634 1536 opcbet
654 1462 755 1533 qaum
773 1436 878 1520 vetet,
897 1447 965 1508 met
986 1436 1099 1531 qualis
1115 1438 1183 1509 sibi
1199 1449 1399 1534 competeret
1409 1466 1420 1520 ,·
1446 1443 1557 1512 omni-

507 1554 569 1626 bus
585 1556 675 1625 enim
694 1555 841 1625 amicam
859 1563 919 1638 est,
937 1553 1030 1647 qaod
1052 1562 1100 1624 est
1120 1556 1315 1649 proprium,
1334 1565 1366 1627 et
1383 1554 1479 1628 nihii
1492 1556 1558 1628 sibi

383 1764 387 1767 .
508 1673 620 1767 ipsam
639 1670 765 1741 maium
783 1669 927 1741 videtur.
953 1668 1142 1763 Postquam
1161 1679 1272 1741 eutem
1290 1671 1338 1741 ed
1350 1670 1556 1744 alterutrim

508 1787 716 1883 opnitiomem
742 1795 881 1879 uterque
902 1786 1068 1880 poeonii,
1086 1796 1141 1855 net
1157 1784 1301 1856 tenebre
1324 1786 1557 1882 cmttemplotoe

508 1912 587 1973 sunt
603 1902 720 1982 lucem,
739 1910 899 1994 tanquam
918 1898 1072 1971 melioris
1088 1900 1142 1970 rei
1162 1910 1297 1995 sumpte
1318 1904 1555 1996 emicupiscm-

509 2020 568 2102 tie,
587 2015 840 2088 insectebantur
856 2040 896 2086 ee
913 2016 1134 2087 commisceri.

780 2138 964 2210 Nonnulla
981 2141 1128 2211 fortasse
1145 2143 1283 2212 desunt.

548 2317 569 2344 ¹¹¹
584 2307 617 2362 In
633 2305 729 2362 codice
744 2304 901 2368 Casinensi,
917 2314 943 2361 et
957 2305 1051 2379 quales
1065 2305 1104 2361 idi
1117 2312 1284 2379 competeret.

549 2413 564 2443 ¹¹
578 2403 721 2458 Tenebras
736 2401 875 2457 desiderio
889 2401 959 2458 lucis
974 2402 1161 2476 adipiscendae
1175 2409 1253 2458 setes
1266 2402 1355 2459 fuisse
1370 2402 1475 2461 Manes
1488 2426 1552 2480 quo·

508 2518 563 2573 que
583 2500 684 2556 asserit
703 2500 731 2555 in
751 2518 811 2573 cap.
831 2516 878 2570 13.
900 2499 985 2573 hujus
1006 2500 1109 2573 operis,
1124 2508 1153 2556 et
1173 2498 1247 2573 apud
1261 2497 1357 2555 Titum
1374 2500 1552 2559 Bostrensem

508 2597 643 2654 adversus
657 2597 834 2653 Manichaeos
847 2596 895 2652 lib.
907 2596 925 2652 i.
941 2616 1008 2671 pag.
1020 2596 1068 2667 48.
1083 2596 1215 2653 editionis
1229 2596 1402 2654 Canisianae.

635 2730 641 2752 ¹
658 2724 737 2797 [For.
753 2744 804 2780 non
818 2725 981 2799 quoefactae,
997 2726 1041 2782 vel
1053 2727 1160 2800 penite,
1175 2744 1232 2781 esse
1245 2725 1427 2800 dicebantur]

816 3130 1242 3211 FRAGMENTUM

508 3284 675 3355 Actorum
702 3283 845 3376 ejusdem
871 3283 1129 3377 Dispretetimis
1156 3308 1199 3353 ee
1221 3281 1259 3355 S.
1280 3283 1414 3377 Cyrilli
1430 3284 1554 3355 Hiero-

558 3399 758 3494 solymitani
776 3399 1041 3474 δἐι-1100100101.
1061 3398 1125 3499 (it.
1145 3420 1265 3471 xxvn.
1286 3420 1424 3470 xxvm.
1445 3422 1552 3471 xxrx.

559 3518 645 3586 edit.
661 3516 900 3608 Benedictin.)

553 3656 603 3717 Ne
629 3655 790 3740 quidpiam
816 3664 961 3719 actorum
984 3655 1206 3741 disputationis
1230 3655 1381 3718 Archelai
1404 3656 1554 3741 Episcopi

508 3779 579 3819 cum
596 3759 728 3821 Maeote
752 3759 979 3834 omitteremus,
996 3767 1208 3843 opportunum
1233 3757 1411 3821 censuimus
1433 3759 1486 3822 hie
1506 3780 1554 3821 eo

508 3860 641 3922 rundem
665 3859 877 3945 fragmentum
901 3885 941 3925 ex
961 3861 1070 3945 Cyrilli
1092 3860 1373 3945 Hierosolymitani
1399 3861 1555 3925 catechesi

508 3969 601 4025 sexta
621 3985 693 4046 pag.
713 3982 782 4044 147.
805 3965 916 4047 primae
932 3964 1091 4040 editionis,
1109 3969 1215 4046 (sectt.
1235 3982 1286 4043 27,
1303 3966 1354 4039 28,
1373 3982 1425 4047 29.
1440 3987 1473 4049 p.
1491 3986 1555 4044 104.

508 4064 557 4127 ed.
577 4064 723 4127 Toutteii
750 4088 804 4128 seu
833 4066 1047 4145 Benedictio.)
1072 4066 1282 4149 desumptum,
1307 4064 1465 4129 corollarii
1489 4067 1555 4130 loco

508 4166 708 4250 subjungere,
725 4190 763 4230 eo
778 4168 955 4251 praesertim
975 4170 1057 4251 quod
1083 4168 1115 4230 in
1137 4167 1389 4252 praecedentibus
1409 4171 1501 4245 actis,
1517 4171 1555 4233 ab

510 4268 722 4351 Hegemonio,
743 4282 778 4331 ut
799 4269 933 4345 videtur,
951 4270 1143 4354 Presbytero
1167 4270 1198 4332 in
1224 4270 1384 4354 epitomen
1409 4273 1556 4347 redactis,

508 4391 571 4433 non
595 4371 780 4454 reperiatur.
804 4374 954 4435 Zscseur.
1002 4372 1231 4457 Fragmentum
1255 4373 1341 4437 istud
1366 4376 1555 4440 contulimus
