<?xml version="1.0" encoding="UTF-8"?>
<!DOCTYPE html PUBLIC "-//W3C//DTD XHTML 1.0 Transitional//EN"
    "http://www.w3.org/TR/xhtml1/DTD/xhtml1-transitional.dtd">
<html xmlns="http://www.w3.org/1999/xhtml" xml:lang="en" lang="en">
 <head>
  <title>
</title>
<meta http-equiv="Content-Type" content="text/html;charset=utf-8" />
  <meta name='ocr-system' content='tesseract 3.04.00' />
  <meta name='ocr-capabilities' content='ocr_page ocr_carea ocr_par ocr_line ocrx_word'/>
</head>
<body>
  <div class='ocr_page' id='page_1' title='image "./reliquiaesacrae05routgoog_0339.png"; bbox 0 0 3900 5167; ppageno 0'>
   <div class='ocr_carea' id='block_1_1' title="bbox 647 443 1500 512">
    <p class='ocr_par' dir='ltr' id='par_1_1' title="bbox 647 443 1500 512">
     <span class='ocr_line' id='line_1_1' title="bbox 647 443 1500 512; baseline -0.004 0"><span class='ocrx_word' id='word_1_1' title='bbox 647 448 712 511; x_wconf 85' lang='lat' dir='ltr'><strong>DE</strong></span> <span class='ocrx_word' id='word_1_2' title='bbox 735 444 1120 512; x_wconf 82' lang='lat' dir='ltr'><strong>REBAPTISMATE</strong></span> <span class='ocrx_word' id='word_1_3' title='bbox 1143 443 1303 509; x_wconf 85' lang='lat' dir='ltr'><strong>LIBER.</strong></span> <span class='ocrx_word' id='word_1_4' title='bbox 1434 443 1500 509; x_wconf 75' lang='lat'><strong>32¹7</strong></span> 
     </span>
    </p>
   </div>
   <div class='ocr_carea' id='block_1_2' title="bbox 445 618 1660 4524">
    <p class='ocr_par' dir='ltr' id='par_1_2' title="bbox 450 618 1500 718">
     <span class='ocr_line' id='line_1_2' title="bbox 450 618 1500 718; baseline -0.009 -22"><span class='ocrx_word' id='word_1_5' title='bbox 450 623 670 718; x_wconf 77' lang='lat' dir='ltr'><strong>qualitatem,</strong></span> <span class='ocrx_word' id='word_1_6' title='bbox 689 621 895 716; x_wconf 82' lang='lat' dir='ltr'><strong>intelligunt</strong></span> <span class='ocrx_word' id='word_1_7' title='bbox 920 619 1015 713; x_wconf 92' lang='lat' dir='ltr'><strong>quod</strong></span> <span class='ocrx_word' id='word_1_8' title='bbox 1042 619 1178 689; x_wconf 90' lang='lat' dir='ltr'><strong>dictum</strong></span> <span class='ocrx_word' id='word_1_9' title='bbox 1204 625 1260 690; x_wconf 89' lang='lat' dir='ltr'><strong>est</strong></span> <span class='ocrx_word' id='word_1_10' title='bbox 1282 619 1328 690; x_wconf 92' lang='lat' dir='ltr'><strong>de</strong></span> <span class='ocrx_word' id='word_1_11' title='bbox 1352 618 1436 712; x_wconf 83' lang='lat' dir='ltr'><strong>igni,</strong></span> <span class='ocrx_word' id='word_1_12' title='bbox 1454 618 1500 688; x_wconf 91' lang='lat' dir='ltr'><strong>de</strong></span> 
     </span>
    </p>

    <p class='ocr_par' dir='ltr' id='par_1_3' title="bbox 450 732 1640 1063">
     <span class='ocr_line' id='line_1_3' title="bbox 450 732 1640 835; baseline -0.003 -24"><span class='ocrx_word' id='word_1_13' title='bbox 450 743 528 835; x_wconf 88' lang='lat' dir='ltr'><strong>ipso</strong></span> <span class='ocrx_word' id='word_1_14' title='bbox 550 740 686 833; x_wconf 80' lang='lat' dir='ltr'>Spiritu</span> <span class='ocrx_word' id='word_1_15' title='bbox 711 739 849 809; x_wconf 88' lang='lat' dir='ltr'><strong>dietum</strong></span> <span class='ocrx_word' id='word_1_16' title='bbox 874 759 962 808; x_wconf 88' lang='lat' dir='ltr'><strong>esse.</strong></span> <span class='ocrx_word' id='word_1_17' title='bbox 1015 735 1110 807; x_wconf 88' lang='lat' dir='ltr'><strong>Nam</strong></span> <span class='ocrx_word' id='word_1_18' title='bbox 1133 735 1170 805; x_wconf 92' lang='lat' dir='ltr'><strong>in</strong></span> <span class='ocrx_word' id='word_1_19' title='bbox 1189 733 1291 806; x_wconf 90' lang='lat' dir='ltr'><strong>Actis</strong></span> <span class='ocrx_word' id='word_1_20' title='bbox 1307 732 1640 827; x_wconf 58' lang='lat' dir='ltr'><strong>Apostolkos·</strong></span> 
     </span>
     <span class='ocr_line' id='line_1_4' title="bbox 451 848 1501 944; baseline -0.009 -17"><span class='ocrx_word' id='word_1_21' title='bbox 451 875 533 927; x_wconf 87' lang='lat' dir='ltr'><strong>rum</strong></span> <span class='ocrx_word' id='word_1_22' title='bbox 558 854 755 927; x_wconf 89' lang='lat' dir='ltr'><strong>secundum</strong></span> <span class='ocrx_word' id='word_1_23' title='bbox 776 854 868 924; x_wconf 88' lang='lat' dir='ltr'><strong>hane</strong></span> <span class='ocrx_word' id='word_1_24' title='bbox 893 852 1043 923; x_wconf 88' lang='lat' dir='ltr'><strong>eandem</strong></span> <span class='ocrx_word' id='word_1_25' title='bbox 1068 852 1334 944; x_wconf 74' lang='lat' dir='ltr'><strong>promissionem</strong></span> <span class='ocrx_word' id='word_1_26' title='bbox 1355 848 1501 920; x_wconf 90' lang='lat' dir='ltr'><strong>Domini</strong></span> 
     </span>
     <span class='ocr_line' id='line_1_5' title="bbox 452 964 1504 1063; baseline -0.009 -20"><span class='ocrx_word' id='word_1_27' title='bbox 452 972 577 1056; x_wconf 81' lang='lat' dir='ltr'><strong>nostri,</strong></span> <span class='ocrx_word' id='word_1_28' title='bbox 593 971 669 1063; x_wconf 88' lang='lat' dir='ltr'><strong>ipso</strong></span> <span class='ocrx_word' id='word_1_29' title='bbox 693 970 751 1040; x_wconf 90' lang='lat' dir='ltr'><strong>die</strong></span> <span class='ocrx_word' id='word_1_30' title='bbox 775 969 1005 1039; x_wconf 87' lang='lat' dir='ltr'><strong>Pentecostes</strong></span> <span class='ocrx_word' id='word_1_31' title='bbox 1030 989 1112 1039; x_wconf 91' lang='lat' dir='ltr'><strong>cum</strong></span> <span class='ocrx_word' id='word_1_32' title='bbox 1139 967 1376 1037; x_wconf 75' lang='lat' dir='ltr'><strong>descendisset</strong></span> <span class='ocrx_word' id='word_1_33' title='bbox 1392 964 1504 1059; x_wconf 91' lang='lat' dir='ltr'><strong>Spiri-</strong></span> 
     </span>
    </p>

    <p class='ocr_par' dir='ltr' id='par_1_4' title="bbox 453 1081 1501 1177">
     <span class='ocr_line' id='line_1_6' title="bbox 453 1081 1501 1177; baseline -0.007 -19"><span class='ocrx_word' id='word_1_34' title='bbox 453 1096 514 1158; x_wconf 85' lang='lat' dir='ltr'><strong>tus</strong></span> <span class='ocrx_word' id='word_1_35' title='bbox 530 1094 673 1157; x_wconf 88' lang='lat' dir='ltr'><strong>sanctus</strong></span> <span class='ocrx_word' id='word_1_36' title='bbox 691 1105 796 1177; x_wconf 89' lang='lat' dir='ltr'><strong>super</strong></span> <span class='ocrx_word' id='word_1_37' title='bbox 812 1084 1011 1177; x_wconf 87' lang='lat' dir='ltr'><strong>discipulos,</strong></span> <span class='ocrx_word' id='word_1_38' title='bbox 1029 1093 1071 1154; x_wconf 90' lang='lat' dir='ltr'><strong>ut</strong></span> <span class='ocrx_word' id='word_1_39' title='bbox 1092 1088 1129 1154; x_wconf 89' lang='lat' dir='ltr'><strong>in</strong></span> <span class='ocrx_word' id='word_1_40' title='bbox 1148 1081 1211 1153; x_wconf 91' lang='lat' dir='ltr'><strong>illo</strong></span> <span class='ocrx_word' id='word_1_41' title='bbox 1228 1082 1501 1175; x_wconf 76' lang='lat' dir='ltr'><strong>baptizarentur,</strong></span> 
     </span>
    </p>

    <p class='ocr_par' dir='ltr' id='par_1_5' title="bbox 453 1198 1501 1293">
     <span class='ocr_line' id='line_1_7' title="bbox 453 1198 1501 1293; baseline -0.006 -20"><span class='ocrx_word' id='word_1_42' title='bbox 453 1204 537 1273; x_wconf 81' lang='lat' dir='ltr'><strong>visae</strong></span> <span class='ocrx_word' id='word_1_43' title='bbox 565 1211 649 1272; x_wconf 88' lang='lat' dir='ltr'><strong>sunt</strong></span> <span class='ocrx_word' id='word_1_44' title='bbox 682 1200 875 1271; x_wconf 86' lang='lat' dir='ltr'><strong>insidentes</strong></span> <span class='ocrx_word' id='word_1_45' title='bbox 908 1223 1014 1292; x_wconf 87' lang='lat' dir='ltr'><strong>super</strong></span> <span class='ocrx_word' id='word_1_46' title='bbox 1047 1199 1203 1293; x_wconf 79' lang='lat' dir='ltr'><strong>singulos</strong></span> <span class='ocrx_word' id='word_1_47' title='bbox 1237 1198 1368 1292; x_wconf 78' lang='lat' dir='ltr'><strong>linguae</strong></span> <span class='ocrx_word' id='word_1_48' title='bbox 1402 1199 1501 1291; x_wconf 86' lang='lat' dir='ltr'><strong>quasi</strong></span> 
     </span>
    </p>

    <p class='ocr_par' dir='ltr' id='par_1_6' title="bbox 453 1314 1503 1525">
     <span class='ocr_line' id='line_1_8' title="bbox 453 1314 1503 1414; baseline -0.004 -25"><span class='ocrx_word' id='word_1_49' title='bbox 453 1320 556 1414; x_wconf 76' lang='lat' dir='ltr'><strong>ignis,</strong></span> <span class='ocrx_word' id='word_1_50' title='bbox 572 1327 615 1389; x_wconf 93' lang='lat' dir='ltr'><strong>nt</strong></span> <span class='ocrx_word' id='word_1_51' title='bbox 631 1325 810 1388; x_wconf 88' lang='lat' dir='ltr'><strong>constaret</strong></span> <span class='ocrx_word' id='word_1_52' title='bbox 827 1338 887 1387; x_wconf 89' lang='lat' dir='ltr'><strong>eos</strong></span> <span class='ocrx_word' id='word_1_53' title='bbox 903 1315 1041 1409; x_wconf 87' lang='lat' dir='ltr'><strong>Spiritu</strong></span> <span class='ocrx_word' id='word_1_54' title='bbox 1058 1324 1180 1387; x_wconf 86' lang='lat' dir='ltr'><strong>sancto</strong></span> <span class='ocrx_word' id='word_1_55' title='bbox 1198 1324 1235 1385; x_wconf 90' lang='lat' dir='ltr'><strong>et</strong></span> <span class='ocrx_word' id='word_1_56' title='bbox 1258 1316 1295 1385; x_wconf 91' lang='lat' dir='ltr'><strong>in</strong></span> <span class='ocrx_word' id='word_1_57' title='bbox 1317 1314 1400 1408; x_wconf 81' lang='lat' dir='ltr'><strong>igne</strong></span> <span class='ocrx_word' id='word_1_58' title='bbox 1417 1314 1503 1408; x_wconf 90' lang='lat' dir='ltr'><strong>bap·</strong></span> 
     </span>
     <span class='ocr_line' id='line_1_9' title="bbox 454 1431 1503 1525; baseline -0.004 -19"><span class='ocrx_word' id='word_1_59' title='bbox 454 1436 593 1517; x_wconf 76' lang='lat' dir='ltr'><strong>tizetos,</strong></span> <span class='ocrx_word' id='word_1_60' title='bbox 611 1434 679 1504; x_wconf 90' lang='lat' dir='ltr'><strong>hoc</strong></span> <span class='ocrx_word' id='word_1_61' title='bbox 704 1442 759 1503; x_wconf 90' lang='lat' dir='ltr'><strong>est</strong></span> <span class='ocrx_word' id='word_1_62' title='bbox 784 1455 828 1502; x_wconf 88' lang='lat' dir='ltr'><strong>eo</strong></span> <span class='ocrx_word' id='word_1_63' title='bbox 853 1431 979 1525; x_wconf 88' lang='lat' dir='ltr'><strong>spiritu</strong></span> <span class='ocrx_word' id='word_1_64' title='bbox 1004 1433 1065 1524; x_wconf 90' lang='lat' dir='ltr'><strong>qui</strong></span> <span class='ocrx_word' id='word_1_65' title='bbox 1095 1439 1187 1503; x_wconf 92' lang='lat' dir='ltr'><strong>esset</strong></span> <span class='ocrx_word' id='word_1_66' title='bbox 1214 1432 1288 1502; x_wconf 90' lang='lat' dir='ltr'><strong>sive</strong></span> <span class='ocrx_word' id='word_1_67' title='bbox 1313 1431 1405 1525; x_wconf 81' lang='lat' dir='ltr'><strong>ignis</strong></span> <span class='ocrx_word' id='word_1_68' title='bbox 1430 1432 1503 1502; x_wconf 84' lang='lat' dir='ltr'><strong>sive</strong></span> 
     </span>
    </p>

    <p class='ocr_par' dir='ltr' id='par_1_7' title="bbox 455 1547 1504 1757">
     <span class='ocr_line' id='line_1_10' title="bbox 455 1547 1504 1645; baseline -0.002 -24"><span class='ocrx_word' id='word_1_69' title='bbox 455 1552 555 1645; x_wconf 81' lang='lat' dir='ltr'><strong>qussi</strong></span> <span class='ocrx_word' id='word_1_70' title='bbox 572 1550 674 1645; x_wconf 82' lang='lat' dir='ltr'><strong>ignis.</strong></span> <span class='ocrx_word' id='word_1_71' title='bbox 726 1547 851 1633; x_wconf 89' lang='lat' dir='ltr'><strong>Qualis</strong></span> <span class='ocrx_word' id='word_1_72' title='bbox 870 1549 962 1643; x_wconf 83' lang='lat' dir='ltr'><strong>ignis</strong></span> <span class='ocrx_word' id='word_1_73' title='bbox 978 1548 1048 1618; x_wconf 86' lang='lat' dir='ltr'><strong>luit</strong></span> <span class='ocrx_word' id='word_1_74' title='bbox 1064 1548 1126 1641; x_wconf 94' lang='lat' dir='ltr'><strong>qui</strong></span> <span class='ocrx_word' id='word_1_75' title='bbox 1143 1548 1179 1617; x_wconf 91' lang='lat' dir='ltr'><strong>in</strong></span> <span class='ocrx_word' id='word_1_76' title='bbox 1197 1547 1286 1618; x_wconf 90' lang='lat' dir='ltr'><strong>rubo</strong></span> <span class='ocrx_word' id='word_1_77' title='bbox 1302 1547 1449 1619; x_wconf 79' lang='lat' dir='ltr'><strong>ardebat</strong></span> <span class='ocrx_word' id='word_1_78' title='bbox 1464 1556 1504 1619; x_wconf 91' lang='lat' dir='ltr'><strong>et</strong></span> 
     </span>
     <span class='ocr_line' id='line_1_11' title="bbox 455 1662 1503 1757; baseline -0.006 -19"><span class='ocrx_word' id='word_1_79' title='bbox 455 1668 585 1739; x_wconf 89' lang='lat' dir='ltr'><strong>rubum</strong></span> <span class='ocrx_word' id='word_1_80' title='bbox 602 1687 674 1736; x_wconf 92' lang='lat' dir='ltr'><strong>non</strong></span> <span class='ocrx_word' id='word_1_81' title='bbox 690 1664 942 1748; x_wconf 86' lang='lat' dir='ltr'><strong>comburebat3</strong></span> <span class='ocrx_word' id='word_1_82' title='bbox 967 1663 1151 1756; x_wconf 81' lang='lat' dir='ltr'><strong>qualisque</strong></span> <span class='ocrx_word' id='word_1_83' title='bbox 1172 1671 1227 1734; x_wconf 89' lang='lat' dir='ltr'><strong>est</strong></span> <span class='ocrx_word' id='word_1_84' title='bbox 1247 1662 1309 1733; x_wconf 95' lang='lat' dir='ltr'><strong>ille</strong></span> <span class='ocrx_word' id='word_1_85' title='bbox 1330 1663 1421 1757; x_wconf 82' lang='lat' dir='ltr'><strong>ignis</strong></span> <span class='ocrx_word' id='word_1_86' title='bbox 1442 1662 1503 1755; x_wconf 90' lang='lat' dir='ltr'><strong>qui</strong></span> 
     </span>
    </p>

    <p class='ocr_par' dir='ltr' id='par_1_8' title="bbox 445 1777 1650 2337">
     <span class='ocr_line' id='line_1_12' title="bbox 456 1777 1650 1876; baseline -0.004 -23"><span class='ocrx_word' id='word_1_87' title='bbox 456 1792 512 1854; x_wconf 92' lang='lat' dir='ltr'><strong>est</strong></span> <span class='ocrx_word' id='word_1_88' title='bbox 544 1780 750 1876; x_wconf 86' lang='lat' dir='ltr'><strong>angelorum</strong></span> <span class='ocrx_word' id='word_1_89' title='bbox 785 1782 938 1874; x_wconf 89' lang='lat' dir='ltr'><strong>spiritus,</strong></span> <span class='ocrx_word' id='word_1_90' title='bbox 967 1782 1061 1851; x_wconf 90' lang='lat' dir='ltr'><strong>sicut</strong></span> <span class='ocrx_word' id='word_1_91' title='bbox 1094 1780 1276 1871; x_wconf 79' lang='lat' dir='ltr'><strong>Scriptura</strong></span> <span class='ocrx_word' id='word_1_92' title='bbox 1309 1779 1406 1862; x_wconf 88' lang='lat' dir='ltr'><strong>dicit,</strong></span> <span class='ocrx_word' id='word_1_93' title='bbox 1433 1777 1650 1867; x_wconf 63' lang='lat' dir='ltr'><strong>Quassus</strong></span> 
     </span>
     <span class='ocr_line' id='line_1_13' title="bbox 445 1895 1503 1997; baseline -0.006 -26"><span class='ocrx_word' id='word_1_94' title='bbox 445 1898 544 1997; x_wconf 80' lang='lat' dir='ltr'><strong>socii</strong></span> <span class='ocrx_word' id='word_1_95' title='bbox 559 1896 712 1995; x_wconf 73' lang='lat' dir='ltr'><strong>Aoqclos</strong></span> <span class='ocrx_word' id='word_1_96' title='bbox 737 1920 818 1968; x_wconf 80' lang='lat' dir='ltr'><strong>suos</strong></span> <span class='ocrx_word' id='word_1_97' title='bbox 847 1896 1003 1992; x_wconf 72' lang='lat' dir='ltr'><strong>spiritus,</strong></span> <span class='ocrx_word' id='word_1_98' title='bbox 1029 1904 1060 1967; x_wconf 83' lang='lat' dir='ltr'><strong>et</strong></span> <span class='ocrx_word' id='word_1_99' title='bbox 1085 1896 1262 1968; x_wconf 76' lang='lat' dir='ltr'><strong>ministros</strong></span> <span class='ocrx_word' id='word_1_100' title='bbox 1286 1917 1366 1965; x_wconf 78' lang='lat' dir='ltr'><strong>euos</strong></span> <span class='ocrx_word' id='word_1_101' title='bbox 1391 1895 1503 1992; x_wconf 75' lang='lat' dir='ltr'><strong>ipoem</strong></span> 
     </span>
     <span class='ocr_line' id='line_1_14' title="bbox 456 2009 1505 2104; baseline -0.004 -18"><span class='ocrx_word' id='word_1_102' title='bbox 456 2013 642 2086; x_wconf 74' lang='lat' dir='ltr'><strong>ardentm.</strong></span> <span class='ocrx_word' id='word_1_103' title='bbox 693 2009 760 2083; x_wconf 88' lang='lat' dir='ltr'><strong>Cui</strong></span> <span class='ocrx_word' id='word_1_104' title='bbox 778 2036 860 2084; x_wconf 92' lang='lat' dir='ltr'><strong>cum</strong></span> <span class='ocrx_word' id='word_1_105' title='bbox 884 2012 1007 2083; x_wconf 91' lang='lat' dir='ltr'><strong>similis</strong></span> <span class='ocrx_word' id='word_1_106' title='bbox 1031 2021 1094 2082; x_wconf 92' lang='lat' dir='ltr'><strong>aut</strong></span> <span class='ocrx_word' id='word_1_107' title='bbox 1116 2012 1231 2081; x_wconf 82' lang='lat' dir='ltr'><strong>socius</strong></span> <span class='ocrx_word' id='word_1_108' title='bbox 1250 2020 1313 2082; x_wconf 88' lang='lat' dir='ltr'><strong>aut</strong></span> <span class='ocrx_word' id='word_1_109' title='bbox 1330 2012 1505 2104; x_wconf 81' lang='lat' dir='ltr'><strong>particeps</strong></span> 
     </span>
     <span class='ocr_line' id='line_1_15' title="bbox 456 2126 1505 2223; baseline -0.005 -22"><span class='ocrx_word' id='word_1_110' title='bbox 456 2130 574 2211; x_wconf 83' lang='lat' dir='ltr'><strong>fueris,</strong></span> <span class='ocrx_word' id='word_1_111' title='bbox 591 2130 723 2222; x_wconf 89' lang='lat' dir='ltr'><strong>poteris</strong></span> <span class='ocrx_word' id='word_1_112' title='bbox 745 2127 884 2198; x_wconf 89' lang='lat' dir='ltr'><strong>nullum</strong></span> <span class='ocrx_word' id='word_1_113' title='bbox 907 2130 1027 2223; x_wconf 82' lang='lat' dir='ltr'><strong>ignem</strong></span> <span class='ocrx_word' id='word_1_114' title='bbox 1051 2128 1198 2211; x_wconf 87' lang='lat' dir='ltr'><strong>timere;</strong></span> <span class='ocrx_word' id='word_1_115' title='bbox 1223 2149 1291 2199; x_wconf 91' lang='lat' dir='ltr'><strong>noc</strong></span> <span class='ocrx_word' id='word_1_116' title='bbox 1307 2126 1409 2198; x_wconf 88' lang='lat' dir='ltr'><strong>illum</strong></span> <span class='ocrx_word' id='word_1_117' title='bbox 1427 2127 1505 2219; x_wconf 90' lang='lat' dir='ltr'><strong>qui-</strong></span> 
     </span>
     <span class='ocr_line' id='line_1_16' title="bbox 457 2242 1507 2337; baseline -0.005 -20"><span class='ocrx_word' id='word_1_118' title='bbox 457 2247 617 2337; x_wconf 76' lang='lat' dir='ltr'><strong>deniqui</strong></span> <span class='ocrx_word' id='word_1_119' title='bbox 635 2244 849 2315; x_wconf 85' lang='lat' dir='ltr'><strong>antecedens</strong></span> <span class='ocrx_word' id='word_1_120' title='bbox 865 2242 1022 2315; x_wconf 92' lang='lat' dir='ltr'><strong>Domino</strong></span> <span class='ocrx_word' id='word_1_121' title='bbox 1039 2244 1076 2314; x_wconf 94' lang='lat' dir='ltr'><strong>in</strong></span> <span class='ocrx_word' id='word_1_122' title='bbox 1094 2245 1152 2315; x_wconf 90' lang='lat' dir='ltr'><strong>die</strong></span> <span class='ocrx_word' id='word_1_123' title='bbox 1170 2244 1297 2336; x_wconf 89' lang='lat' dir='ltr'><strong>judicii</strong></span> <span class='ocrx_word' id='word_1_124' title='bbox 1315 2242 1507 2337; x_wconf 81' lang='lat' dir='ltr'><strong>conflagra-</strong></span> 
     </span>
    </p>

    <p class='ocr_par' dir='ltr' id='par_1_9' title="bbox 456 2359 1507 2453">
     <span class='ocr_line' id='line_1_17' title="bbox 456 2359 1507 2453; baseline 0 -22"><span class='ocrx_word' id='word_1_125' title='bbox 456 2362 512 2432; x_wconf 90' lang='lat' dir='ltr'><strong>bit</strong></span> <span class='ocrx_word' id='word_1_126' title='bbox 529 2369 645 2431; x_wconf 90' lang='lat' dir='ltr'><strong>totum</strong></span> <span class='ocrx_word' id='word_1_127' title='bbox 663 2361 786 2432; x_wconf 91' lang='lat' dir='ltr'><strong>orbem</strong></span> <span class='ocrx_word' id='word_1_128' title='bbox 803 2370 920 2445; x_wconf 82' lang='lat' dir='ltr'><strong>terrae,</strong></span> <span class='ocrx_word' id='word_1_129' title='bbox 936 2360 1069 2453; x_wconf 90' lang='lat' dir='ltr'><strong>absque</strong></span> <span class='ocrx_word' id='word_1_130' title='bbox 1087 2360 1138 2432; x_wconf 88' lang='lat' dir='ltr'><strong>eis</strong></span> <span class='ocrx_word' id='word_1_131' title='bbox 1157 2361 1218 2453; x_wconf 90' lang='lat' dir='ltr'><strong>qui</strong></span> <span class='ocrx_word' id='word_1_132' title='bbox 1236 2359 1405 2453; x_wconf 81' lang='lat' dir='ltr'><strong>baptizati</strong></span> <span class='ocrx_word' id='word_1_133' title='bbox 1423 2368 1507 2431; x_wconf 93' lang='lat' dir='ltr'><strong>sunt</strong></span> 
     </span>
    </p>

    <p class='ocr_par' dir='ltr' id='par_1_10' title="bbox 457 2476 1506 2687">
     <span class='ocr_line' id='line_1_18' title="bbox 457 2476 1506 2571; baseline -0.003 -22"><span class='ocrx_word' id='word_1_134' title='bbox 457 2479 495 2549; x_wconf 92' lang='lat' dir='ltr'><strong>in</strong></span> <span class='ocrx_word' id='word_1_135' title='bbox 525 2477 661 2570; x_wconf 86' lang='lat' dir='ltr'><strong>Spiritu</strong></span> <span class='ocrx_word' id='word_1_136' title='bbox 690 2485 813 2549; x_wconf 88' lang='lat' dir='ltr'><strong>saneto</strong></span> <span class='ocrx_word' id='word_1_137' title='bbox 841 2485 879 2547; x_wconf 92' lang='lat' dir='ltr'><strong>et</strong></span> <span class='ocrx_word' id='word_1_138' title='bbox 908 2478 994 2571; x_wconf 83' lang='lat' dir='ltr'><strong>igni.</strong></span> <span class='ocrx_word' id='word_1_139' title='bbox 1048 2476 1098 2547; x_wconf 88' lang='lat' dir='ltr'><strong>Et</strong></span> <span class='ocrx_word' id='word_1_140' title='bbox 1126 2476 1328 2548; x_wconf 91' lang='lat' dir='ltr'><strong>hominibus</strong></span> <span class='ocrx_word' id='word_1_141' title='bbox 1361 2477 1506 2569; x_wconf 85' lang='lat' dir='ltr'><strong>quidem</strong></span> 
     </span>
     <span class='ocr_line' id='line_1_19' title="bbox 458 2589 1506 2687; baseline -0.002 -22"><span class='ocrx_word' id='word_1_142' title='bbox 458 2593 613 2687; x_wconf 79' lang='lat' dir='ltr'><strong>Spiritus</strong></span> <span class='ocrx_word' id='word_1_143' title='bbox 637 2600 839 2686; x_wconf 80' lang='lat' dir='ltr'><strong>perseverat</strong></span> <span class='ocrx_word' id='word_1_144' title='bbox 863 2592 970 2663; x_wconf 92' lang='lat' dir='ltr'><strong>hodie</strong></span> <span class='ocrx_word' id='word_1_145' title='bbox 995 2592 1189 2675; x_wconf 82' lang='lat' dir='ltr'><strong>invisibilis,</strong></span> <span class='ocrx_word' id='word_1_146' title='bbox 1209 2593 1301 2664; x_wconf 89' lang='lat' dir='ltr'><strong>sicut</strong></span> <span class='ocrx_word' id='word_1_147' title='bbox 1327 2589 1506 2663; x_wconf 82' lang='lat' dir='ltr'><strong>Dominus</strong></span> 
     </span>
    </p>

    <p class='ocr_par' dir='ltr' id='par_1_11' title="bbox 458 2707 1660 3037">
     <span class='ocr_line' id='line_1_20' title="bbox 458 2707 1660 2805; baseline -0.007 -24"><span class='ocrx_word' id='word_1_148' title='bbox 458 2711 557 2796; x_wconf 89' lang='lat' dir='ltr'><strong>dicit,</strong></span> <span class='ocrx_word' id='word_1_149' title='bbox 574 2708 731 2805; x_wconf 69' lang='lat' dir='ltr'><strong>Spiritus</strong></span> <span class='ocrx_word' id='word_1_150' title='bbox 758 2707 817 2780; x_wconf 78' lang='lat' dir='ltr'><strong>ubi</strong></span> <span class='ocrx_word' id='word_1_151' title='bbox 838 2707 909 2780; x_wconf 79' lang='lat' dir='ltr'><strong>rull</strong></span> <span class='ocrx_word' id='word_1_152' title='bbox 936 2709 1058 2805; x_wconf 79' lang='lat' dir='ltr'><strong>spirat,</strong></span> <span class='ocrx_word' id='word_1_153' title='bbox 1084 2710 1251 2780; x_wconf 74' lang='lat' dir='ltr'><strong>sinceris</strong></span> <span class='ocrx_word' id='word_1_154' title='bbox 1278 2708 1660 2779; x_wconf 62' lang='lat' dir='ltr'><strong>anteveniamus.</strong></span> 
     </span>
     <span class='ocr_line' id='line_1_21' title="bbox 458 2824 1507 2922; baseline -0.003 -24"><span class='ocrx_word' id='word_1_155' title='bbox 458 2824 512 2899; x_wconf 84' lang='lat' dir='ltr'><strong>oei</strong></span> <span class='ocrx_word' id='word_1_156' title='bbox 539 2848 605 2922; x_wconf 82' lang='lat' dir='ltr'><strong>quo</strong></span> <span class='ocrx_word' id='word_1_157' title='bbox 634 2824 747 2898; x_wconf 77' lang='lat' dir='ltr'><strong>sedni.</strong></span> <span class='ocrx_word' id='word_1_158' title='bbox 798 2824 869 2895; x_wconf 91' lang='lat' dir='ltr'><strong>Sed</strong></span> <span class='ocrx_word' id='word_1_159' title='bbox 899 2826 937 2896; x_wconf 93' lang='lat' dir='ltr'><strong>in</strong></span> <span class='ocrx_word' id='word_1_160' title='bbox 967 2825 1139 2918; x_wconf 84' lang='lat' dir='ltr'><strong>principio</strong></span> <span class='ocrx_word' id='word_1_161' title='bbox 1168 2824 1326 2918; x_wconf 87' lang='lat' dir='ltr'><strong>mysterii</strong></span> <span class='ocrx_word' id='word_1_162' title='bbox 1355 2825 1438 2895; x_wconf 88' lang='lat' dir='ltr'><strong>fidei</strong></span> <span class='ocrx_word' id='word_1_163' title='bbox 1468 2832 1507 2896; x_wconf 89' lang='lat' dir='ltr'><strong>et</strong></span> 
     </span>
     <span class='ocr_line' id='line_1_22' title="bbox 458 2940 1508 3037; baseline -0.002 -23"><span class='ocrx_word' id='word_1_164' title='bbox 458 2942 624 3037; x_wconf 80' lang='lat' dir='ltr'><strong>spiritalis</strong></span> <span class='ocrx_word' id='word_1_165' title='bbox 657 2942 880 3034; x_wconf 86' lang='lat' dir='ltr'><strong>baptismatis</strong></span> <span class='ocrx_word' id='word_1_166' title='bbox 913 2941 972 3012; x_wconf 88' lang='lat' dir='ltr'><strong>bic</strong></span> <span class='ocrx_word' id='word_1_167' title='bbox 1005 2943 1101 3012; x_wconf 90' lang='lat' dir='ltr'><strong>idem</strong></span> <span class='ocrx_word' id='word_1_168' title='bbox 1133 2940 1286 3033; x_wconf 89' lang='lat' dir='ltr'><strong>Spiritus</strong></span> <span class='ocrx_word' id='word_1_169' title='bbox 1319 2942 1508 3012; x_wconf 82' lang='lat' dir='ltr'><strong>manifesto</strong></span> 
     </span>
    </p>

    <p class='ocr_par' dir='ltr' id='par_1_12' title="bbox 458 3056 1507 3151">
     <span class='ocr_line' id='line_1_23' title="bbox 458 3056 1507 3151; baseline -0.005 -19"><span class='ocrx_word' id='word_1_170' title='bbox 458 3061 554 3132; x_wconf 83' lang='lat' dir='ltr'><strong>visus</strong></span> <span class='ocrx_word' id='word_1_171' title='bbox 580 3067 635 3130; x_wconf 91' lang='lat' dir='ltr'><strong>est</strong></span> <span class='ocrx_word' id='word_1_172' title='bbox 660 3066 699 3129; x_wconf 91' lang='lat' dir='ltr'><strong>et</strong></span> <span class='ocrx_word' id='word_1_173' title='bbox 724 3081 830 3151; x_wconf 88' lang='lat' dir='ltr'><strong>super</strong></span> <span class='ocrx_word' id='word_1_174' title='bbox 855 3058 1045 3151; x_wconf 88' lang='lat' dir='ltr'><strong>discipulos</strong></span> <span class='ocrx_word' id='word_1_175' title='bbox 1074 3057 1242 3129; x_wconf 87' lang='lat' dir='ltr'><strong>insedisse</strong></span> <span class='ocrx_word' id='word_1_176' title='bbox 1267 3056 1367 3151; x_wconf 84' lang='lat' dir='ltr'><strong>quasi</strong></span> <span class='ocrx_word' id='word_1_177' title='bbox 1395 3056 1507 3151; x_wconf 81' lang='lat' dir='ltr'><strong>ignis3</strong></span> 
     </span>
    </p>

    <p class='ocr_par' dir='ltr' id='par_1_13' title="bbox 458 3171 1509 3384">
     <span class='ocr_line' id='line_1_24' title="bbox 458 3171 1509 3268; baseline 0 -24"><span class='ocrx_word' id='word_1_178' title='bbox 458 3176 547 3246; x_wconf 88' lang='lat' dir='ltr'><strong>item</strong></span> <span class='ocrx_word' id='word_1_179' title='bbox 560 3174 659 3246; x_wconf 91' lang='lat' dir='ltr'><strong>coelis</strong></span> <span class='ocrx_word' id='word_1_180' title='bbox 671 3175 803 3267; x_wconf 88' lang='lat' dir='ltr'><strong>apertis</strong></span> <span class='ocrx_word' id='word_1_181' title='bbox 816 3175 1037 3246; x_wconf 85' lang='lat' dir='ltr'><strong>descendisse</strong></span> <span class='ocrx_word' id='word_1_182' title='bbox 1049 3197 1155 3268; x_wconf 88' lang='lat' dir='ltr'><strong>super</strong></span> <span class='ocrx_word' id='word_1_183' title='bbox 1168 3173 1323 3244; x_wconf 91' lang='lat' dir='ltr'><strong>Domino</strong></span> <span class='ocrx_word' id='word_1_184' title='bbox 1336 3171 1509 3245; x_wconf 79' lang='lat' dir='ltr'><strong>columbe</strong></span> 
     </span>
     <span class='ocr_line' id='line_1_25' title="bbox 460 3290 1509 3384; baseline 0 -23"><span class='ocrx_word' id='word_1_185' title='bbox 460 3290 640 3361; x_wconf 82' lang='lat' dir='ltr'><strong>&#39;similem</strong></span> <span class='ocrx_word' id='word_1_186' title='bbox 665 3290 844 3374; x_wconf 85' lang='lat' dir='ltr'><strong>Quoniam</strong></span> <span class='ocrx_word' id='word_1_187' title='bbox 862 3290 1042 3383; x_wconf 87' lang='lat' dir='ltr'><strong>pleraque,</strong></span> <span class='ocrx_word' id='word_1_188' title='bbox 1055 3291 1165 3361; x_wconf 91' lang='lat' dir='ltr'><strong>immo</strong></span> <span class='ocrx_word' id='word_1_189' title='bbox 1182 3312 1273 3383; x_wconf 88' lang='lat' dir='ltr'><strong>pene</strong></span> <span class='ocrx_word' id='word_1_190' title='bbox 1291 3291 1410 3361; x_wconf 87' lang='lat' dir='ltr'><strong>omnia</strong></span> <span class='ocrx_word' id='word_1_191' title='bbox 1426 3311 1509 3384; x_wconf 83' lang='lat' dir='ltr'><strong>quae</strong></span> 
     </span>
    </p>

    <p class='ocr_par' dir='ltr' id='par_1_14' title="bbox 460 3406 1511 3732">
     <span class='ocr_line' id='line_1_26' title="bbox 460 3406 1510 3500; baseline -0.001 -22"><span class='ocrx_word' id='word_1_192' title='bbox 460 3414 577 3479; x_wconf 73' lang='lat' dir='ltr'><strong>ament</strong></span> <span class='ocrx_word' id='word_1_193' title='bbox 590 3406 719 3487; x_wconf 86' lang='lat' dir='ltr'><strong>futura,</strong></span> <span class='ocrx_word' id='word_1_194' title='bbox 729 3406 918 3477; x_wconf 87' lang='lat' dir='ltr'><strong>manifesta</strong></span> <span class='ocrx_word' id='word_1_195' title='bbox 934 3415 1027 3489; x_wconf 89' lang='lat' dir='ltr'><strong>sunt,</strong></span> <span class='ocrx_word' id='word_1_196' title='bbox 1041 3429 1120 3500; x_wconf 84' lang='lat' dir='ltr'><strong>qnae</strong></span> <span class='ocrx_word' id='word_1_197' title='bbox 1133 3414 1254 3477; x_wconf 89' lang='lat' dir='ltr'><strong>tamen</strong></span> <span class='ocrx_word' id='word_1_198' title='bbox 1271 3408 1378 3477; x_wconf 93' lang='lat' dir='ltr'><strong>modo</strong></span> <span class='ocrx_word' id='word_1_199' title='bbox 1391 3414 1510 3477; x_wconf 86' lang='lat' dir='ltr'><strong>essent</strong></span> 
     </span>
     <span class='ocr_line' id='line_1_27' title="bbox 460 3521 1511 3615; baseline -0.002 -22"><span class='ocrx_word' id='word_1_200' title='bbox 460 3522 659 3605; x_wconf 83' lang='lat' dir='ltr'><strong>invisibilia,</strong></span> <span class='ocrx_word' id='word_1_201' title='bbox 688 3521 919 3593; x_wconf 89' lang='lat' dir='ltr'><strong>nihilominus</strong></span> <span class='ocrx_word' id='word_1_202' title='bbox 944 3546 1040 3593; x_wconf 89' lang='lat' dir='ltr'><strong>nunc</strong></span> <span class='ocrx_word' id='word_1_203' title='bbox 1069 3545 1210 3615; x_wconf 89' lang='lat' dir='ltr'><strong>quoque</strong></span> <span class='ocrx_word' id='word_1_204' title='bbox 1236 3521 1347 3593; x_wconf 73' lang='lat' dir='ltr'><strong>oeulis</strong></span> <span class='ocrx_word' id='word_1_205' title='bbox 1377 3530 1415 3592; x_wconf 93' lang='lat' dir='ltr'><strong>et</strong></span> <span class='ocrx_word' id='word_1_206' title='bbox 1441 3523 1511 3592; x_wconf 80' lang='lat' dir='ltr'><strong>&#39;in-</strong></span> 
     </span>
     <span class='ocr_line' id='line_1_28' title="bbox 461 3637 1509 3732; baseline -0.002 -21"><span class='ocrx_word' id='word_1_207' title='bbox 461 3638 663 3728; x_wconf 75' lang='lat' dir='ltr'><strong>credulitati</strong></span> <span class='ocrx_word' id='word_1_208' title='bbox 685 3638 871 3708; x_wconf 82' lang='lat' dir='ltr'><strong>hominem</strong></span> <span class='ocrx_word' id='word_1_209' title='bbox 888 3639 946 3709; x_wconf 90' lang='lat' dir='ltr'><strong>vel</strong></span> <span class='ocrx_word' id='word_1_210' title='bbox 966 3661 1014 3709; x_wconf 87' lang='lat' dir='ltr'><strong>ex</strong></span> <span class='ocrx_word' id='word_1_211' title='bbox 1033 3647 1143 3732; x_wconf 91' lang='lat' dir='ltr'><strong>parte,</strong></span> <span class='ocrx_word' id='word_1_212' title='bbox 1160 3637 1219 3709; x_wconf 83' lang='lat' dir='ltr'><strong>vel</strong></span> <span class='ocrx_word' id='word_1_213' title='bbox 1235 3638 1434 3731; x_wconf 86' lang='lat' dir='ltr'><strong>aliquando,</strong></span> <span class='ocrx_word' id='word_1_214' title='bbox 1452 3637 1509 3709; x_wconf 79' lang='lat' dir='ltr'><strong>vei</strong></span> 
     </span>
    </p>

    <p class='ocr_par' dir='ltr' id='par_1_15' title="bbox 461 3753 1511 3942">
     <span class='ocr_line' id='line_1_29' title="bbox 461 3753 1511 3848; baseline -0.004 -22"><span class='ocrx_word' id='word_1_215' title='bbox 461 3757 497 3826; x_wconf 91' lang='lat' dir='ltr'><strong>in</strong></span> <span class='ocrx_word' id='word_1_216' title='bbox 514 3755 629 3848; x_wconf 81' lang='lat' dir='ltr'><strong>figura</strong></span> <span class='ocrx_word' id='word_1_217' title='bbox 642 3763 728 3825; x_wconf 89' lang='lat' dir='ltr'><strong>sunt</strong></span> <span class='ocrx_word' id='word_1_218' title='bbox 744 3754 1004 3832; x_wconf 81' lang='lat' dir='ltr'><strong>monstrataad</strong></span> <span class='ocrx_word' id='word_1_219' title='bbox 1022 3754 1313 3826; x_wconf 90' lang='lat' dir='ltr'><strong>corroborandam</strong></span> <span class='ocrx_word' id='word_1_220' title='bbox 1330 3762 1368 3824; x_wconf 90' lang='lat' dir='ltr'><strong>et</strong></span> <span class='ocrx_word' id='word_1_221' title='bbox 1385 3753 1511 3824; x_wconf 83' lang='lat' dir='ltr'><strong>contir-¹</strong></span> 
     </span>
     <span class='ocr_line' id='line_1_30' title="bbox 461 3869 1509 3942; baseline -0.003 -1"><span class='ocrx_word' id='word_1_222' title='bbox 461 3871 627 3941; x_wconf 84' lang='lat' dir='ltr'><strong>mandam</strong></span> <span class='ocrx_word' id='word_1_223' title='bbox 656 3869 764 3939; x_wconf 91' lang='lat' dir='ltr'><strong>fidem</strong></span> <span class='ocrx_word' id='word_1_224' title='bbox 794 3878 962 3941; x_wconf 86' lang='lat' dir='ltr'><strong>nostram.</strong></span> <span class='ocrx_word' id='word_1_225' title='bbox 1014 3869 1087 3942; x_wconf 86' lang='lat' dir='ltr'><strong>Sed</strong></span> <span class='ocrx_word' id='word_1_226' title='bbox 1117 3891 1183 3942; x_wconf 91' lang='lat' dir='ltr'><strong>neo</strong></span> <span class='ocrx_word' id='word_1_227' title='bbox 1211 3870 1301 3941; x_wconf 89' lang='lat' dir='ltr'><strong>illud</strong></span> <span class='ocrx_word' id='word_1_228' title='bbox 1331 3869 1509 3940; x_wconf 88' lang='lat' dir='ltr'><strong>omiserim</strong></span> 
     </span>
    </p>

    <p class='ocr_par' dir='ltr' id='par_1_16' title="bbox 461 3985 1510 4080">
     <span class='ocr_line' id='line_1_31' title="bbox 461 3985 1510 4080; baseline -0.002 -23"><span class='ocrx_word' id='word_1_229' title='bbox 461 3988 556 4079; x_wconf 87' lang='lat' dir='ltr'><strong>quod</strong></span> <span class='ocrx_word' id='word_1_230' title='bbox 573 3985 795 4080; x_wconf 80' lang='lat' dir='ltr'><strong>evangelium</strong></span> <span class='ocrx_word' id='word_1_231' title='bbox 819 3987 947 4058; x_wconf 86' lang='lat' dir='ltr'><strong>merito</strong></span> <span class='ocrx_word' id='word_1_232' title='bbox 968 3987 1144 4079; x_wconf 85' lang='lat' dir='ltr'><strong>praedicat.</strong></span> <span class='ocrx_word' id='word_1_233' title='bbox 1196 3985 1264 4057; x_wconf 91' lang='lat' dir='ltr'><strong>Ait</strong></span> <span class='ocrx_word' id='word_1_234' title='bbox 1289 3986 1383 4057; x_wconf 85' lang='lat' dir='ltr'><strong>enirn</strong></span> <span class='ocrx_word' id='word_1_235' title='bbox 1410 4007 1510 4078; x_wconf 83' lang='lat' dir='ltr'><strong>para-</strong></span> 
     </span>
    </p>

    <p class='ocr_par' dir='ltr' id='par_1_17' title="bbox 462 4100 1655 4314">
     <span class='ocr_line' id='line_1_32' title="bbox 462 4100 1655 4197; baseline 0.002 -24"><span class='ocrx_word' id='word_1_236' title='bbox 462 4102 570 4196; x_wconf 83' lang='lat' dir='ltr'><strong>lytico</strong></span> <span class='ocrx_word' id='word_1_237' title='bbox 593 4101 770 4173; x_wconf 91' lang='lat' dir='ltr'><strong>Dominus</strong></span> <span class='ocrx_word' id='word_1_238' title='bbox 794 4112 924 4185; x_wconf 87' lang='lat' dir='ltr'><strong>noster,</strong></span> <span class='ocrx_word' id='word_1_239' title='bbox 941 4100 1045 4174; x_wconf 80' lang='lat' dir='ltr'><strong>Bono</strong></span> <span class='ocrx_word' id='word_1_240' title='bbox 1070 4103 1187 4174; x_wconf 81' lang='lat' dir='ltr'><strong>animo</strong></span> <span class='ocrx_word' id='word_1_241' title='bbox 1213 4111 1282 4173; x_wconf 78' lang='lat' dir='ltr'><strong>esto</strong></span> <span class='ocrx_word' id='word_1_242' title='bbox 1296 4102 1369 4197; x_wconf 77' lang='lat' dir='ltr'><strong>fili,</strong></span> <span class='ocrx_word' id='word_1_243' title='bbox 1393 4102 1655 4178; x_wconf 63' lang='lat' dir='ltr'><strong>dimit-recens.</strong></span> 
     </span>
     <span class='ocr_line' id='line_1_33' title="bbox 462 4205 1542 4314; baseline 0.003 -24"><span class='ocrx_word' id='word_1_244' title='bbox 462 4230 581 4293; x_wconf 77' lang='lat' dir='ltr'><strong>tantur</strong></span> <span class='ocrx_word' id='word_1_245' title='bbox 598 4218 661 4291; x_wconf 83' lang='lat' dir='ltr'><strong>tibi</strong></span> <span class='ocrx_word' id='word_1_246' title='bbox 672 4228 836 4314; x_wconf 83' lang='lat' dir='ltr'><strong>peccotc,·</strong></span> <span class='ocrx_word' id='word_1_247' title='bbox 864 4231 902 4292; x_wconf 89' lang='lat' dir='ltr'><strong>ut</strong></span> <span class='ocrx_word' id='word_1_248' title='bbox 919 4222 1123 4293; x_wconf 88' lang='lat' dir='ltr'><strong>ostenderet</strong></span> <span class='ocrx_word' id='word_1_249' title='bbox 1139 4220 1209 4291; x_wconf 88' lang='lat' dir='ltr'><strong>lide</strong></span> <span class='ocrx_word' id='word_1_250' title='bbox 1225 4221 1386 4292; x_wconf 86' lang='lat' dir='ltr'><strong>mundari</strong></span> <span class='ocrx_word' id='word_1_251' title='bbox 1404 4205 1542 4293; x_wconf 79' lang='lat' dir='ltr'><strong>corda’&#39;</strong></span> 
     </span>
    </p>

    <p class='ocr_par' dir='ltr' id='par_1_18' title="bbox 622 4352 1115 4524">
     <span class='ocr_line' id='line_1_34' title="bbox 626 4352 993 4426; baseline 0.005 -18"><span class='ocrx_word' id='word_1_252' title='bbox 626 4358 633 4382; x_wconf 87' lang='lat'><em>¹</em></span> <span class='ocrx_word' id='word_1_253' title='bbox 649 4352 783 4426; x_wconf 85' lang='lat' dir='ltr'><strong>similem]</strong></span> <span class='ocrx_word' id='word_1_254' title='bbox 802 4352 868 4409; x_wconf 86' lang='lat' dir='ltr'><strong>For.</strong></span> <span class='ocrx_word' id='word_1_255' title='bbox 883 4352 993 4410; x_wconf 86' lang='lat' dir='ltr'><strong>similis.</strong></span> 
     </span>
     <span class='ocr_line' id='line_1_35' title="bbox 622 4450 1115 4524; baseline 0.004 -18"><span class='ocrx_word' id='word_1_256' title='bbox 622 4476 632 4500; x_wconf 81' lang='grc' dir='ltr'><strong>ι</strong></span> <span class='ocrx_word' id='word_1_257' title='bbox 646 4450 848 4524; x_wconf 87' lang='lat' dir='ltr'><strong>incredulitati]</strong></span> <span class='ocrx_word' id='word_1_258' title='bbox 866 4451 930 4509; x_wconf 87' lang='lat' dir='ltr'><strong>For.</strong></span> <span class='ocrx_word' id='word_1_259' title='bbox 946 4450 1115 4510; x_wconf 83' lang='lat' dir='ltr'><strong>credulitati.</strong></span> 
     </span>
    </p>
   </div>
   <div class='ocr_carea' id='block_1_3' title="bbox 0 0 1972 5167">
    <p class='ocr_par' dir='ltr' id='par_1_19' title="bbox 0 0 1972 5167">
     <span class='ocr_line' id='line_1_36' title="bbox 0 0 1972 5167; baseline 0 0"><span class='ocrx_word' id='word_1_260' title='bbox 0 0 1972 5167; x_wconf 95' lang='lat' dir='ltr'><strong> </strong></span> 
     </span>
    </p>
   </div>
  </div>
 </body>
</html>
