3900 5167
825 445 1133 509 DISPUTATIO.
1438 448 1497 509 181

453 640 549 699 vero,
572 618 630 708 qui
657 616 797 698 dicitur,
822 617 911 688 sicut
934 616 1094 698 columba,
1122 618 1294 711 Spiritum
1318 618 1499 699 Sanctum,

453 731 552 802 salva
571 742 626 803 est
649 731 750 801 nobis
773 733 863 802 ratio
881 733 916 801 in
942 741 1102 823 utraque.
1154 732 1306 824 Spiritus
1330 734 1425 802 enim
1448 757 1502 804 se-

452 846 611 915 cuudum
635 855 768 914 rectam
791 846 964 916 rationem
988 846 1126 916 habitat
1152 848 1187 916 in
1213 846 1368 928 homine,
1386 857 1423 917 et
1441 850 1502 918 de-

451 961 601 1042 seendit,
619 970 657 1030 et
680 969 873 1052 permanet,
892 969 930 1030 et
952 970 1196 1053 competenter
1217 962 1285 1030 hoc
1306 972 1344 1031 et
1367 963 1501 1032 factum

452 1084 520 1157 est,
539 1084 577 1144 et
592 1077 634 1143 fit
651 1097 799 1166 semper,
818 1077 911 1146 sicut
928 1086 968 1145 tu
987 1083 1024 1145 te
1041 1077 1156 1166 ipsum
1173 1085 1257 1145 ante
1275 1075 1342 1145 hoc
1360 1085 1501 1168 tempus

451 1189 673 1281 profitebaris
701 1212 777 1260 esse
807 1188 1023 1259 Paraclitum
1052 1190 1131 1271 Dei,
1160 1199 1200 1259 ut
1228 1191 1364 1260 ⁸dicam
1399 1190 1499 1269 silex,

452 1327 524 1373 nou
550 1304 666 1385 homo,
685 1307 745 1395 qui
771 1304 975 1396 frequenter
993 1304 1208 1374 oblivisceris
1233 1328 1276 1374 ea
1300 1328 1378 1396 quae
1401 1306 1498 1376 dicis.

452 1418 624 1510 Spiritum
643 1421 737 1489 enim
753 1420 888 1489 venisse
912 1442 1017 1511 super
1034 1427 1071 1487 te
1088 1419 1218 1500 dixisti,
1237 1442 1344 1510 quem
1370 1423 1500 1511 promi·

451 1541 547 1602 serat
575 1531 681 1602 Jesus
707 1554 783 1601 esse
813 1533 1023 1611 missumm;
1058 1539 1095 1600 et
1121 1531 1216 1599 unde
1246 1529 1312 1599 nisi
1340 1530 1385 1599 de
1412 1532 1498 1603 caeio

451 1647 668 1717 descendat?
695 1647 787 1717 Etsi
806 1647 989 1716 descendit
1012 1644 1165 1737 Spiritus
1190 1668 1296 1736 super
1318 1646 1498 1717 hominem

452 1762 599 1853 dignum
625 1784 673 1843 se,
691 1784 796 1853 super
820 1770 857 1831 te
883 1771 1004 1831 autem
1030 1783 1127 1830 veras
1151 1759 1331 1830 columbas
1356 1761 1498 1833 deseen-

452 1877 545 1947 disse
560 1878 785 1948 sentiendum
803 1875 882 1947 est?
907 1884 949 1945 ut
971 1883 1009 1945 te
1032 1874 1286 1944 columbarium
1305 1875 1423 1966 potius
1444 1877 1498 1946 fu-

451 2015 527 2061 rem
550 1992 773 2084 accipiamus,
791 1992 933 2061 insidias
958 1991 1009 2059 eis
1035 2012 1075 2059 ac
1102 1988 1244 2081 laqueos
1268 1989 1497 2074 molientem

453 2108 581 2200 dignus
609 2107 705 2176 enim
735 2129 782 2187 es,
811 2107 871 2197 qui
902 2105 1017 2175 verbis
1046 2105 1201 2175 ridiculis
1228 2105 1405 2188 illudaris3
1430 2130 1497 2199 ego

450 2231 571 2293 tamen
593 2244 707 2313 parco,
725 2244 771 2290 ne
796 2221 975 2291 auditores
999 2222 1119 2291 videar
1142 2220 1320 2291 offendere
1345 2221 1419 2291 haec
1445 2223 1498 2292 di-

450 2361 543 2417 cens,
562 2345 600 2407 et
625 2338 780 2405 maxime
803 2337 886 2428 quia
911 2345 1041 2428 praeter
1065 2336 1283 2427 propositum
1310 2358 1442 2418 meum,
1459 2338 1496 2406 in

450 2463 488 2523 te
512 2454 684 2546 ingerere,
708 2474 785 2542 quae
811 2452 977 2521 merearis
1002 2451 1134 2521 audire.
1187 2452 1257 2520 Sed
1285 2452 1426 2521 redeam
1451 2455 1496 2523 ad

450 2590 536 2638 rem.
588 2566 734 2637 Memor
758 2588 836 2636 sum
854 2567 948 2635 enirn
968 2566 1284 2636 transformationis
1308 2574 1406 2648 ¹suae‚
1427 2591 1497 2659 qua

450 2683 547 2765 dicis,
564 2682 647 2774 quia
662 2681 762 2751 Deus
778 2681 1079 2751 transformaverit
1105 2704 1141 2750 se
1167 2682 1203 2750 in
1230 2681 1421 2762 hominem,
1439 2682 1495 2751 vel

449 2799 485 2867 iu
512 2796 633 2877 solem,
658 2819 705 2866 ex
731 2795 799 2865 hoc
827 2795 947 2865 volens
972 2797 1159 2865 ostendere
1183 2794 1310 2866 Jesum
1336 2805 1495 2865 nostmm

450 2914 574 2984 habitu
591 2911 676 2991 solo,
694 2921 732 2981 et
750 2912 826 2980 visu
850 2911 985 2980 factum
1005 2933 1080 2980 esse
1106 2910 1297 2990 homiuem,
1316 2912 1409 3002 quod
1435 2910 1498 2980 ab·

449 3030 496 3100 sit
526 3030 571 3099 ab
599 3050 811 3118 unoquoque
845 3025 1004 3096 fidelium
1039 3027 1166 3095 dicere.
1220 3026 1307 3095 Haec
1341 3025 1496 3116 alioquin

449 3144 643 3215 secundum
662 3153 698 3212 te
715 3143 760 3212 ad
781 3142 954 3211 somnium
980 3141 1082 3211 nobis
1108 3140 1253 3210 redeant
1272 3141 1441 3220 universa,
1460 3148 1497 3208 et

450 3262 598 3352 figuras3
623 3281 694 3327 non
720 3257 834 3327 solum
861 3266 991 3338 autem,
1010 3258 1071 3326 sed
1095 3256 1269 3326 adventus
1286 3277 1417 3325 nomen
1438 3255 1497 3323 de·

450 3375 602 3456 lebitur3
629 3382 768 3465 poterat
798 3373 893 3442 euim
924 3373 960 3440 in
990 3370 1080 3441 caelo
1110 3372 1245 3463 positus
1274 3372 1389 3440 facere
1417 3393 1497 3460 quae

450 3489 622 3570 voluerat,
653 3488 681 3556 si
713 3487 886 3579 Spiritum
913 3509 996 3556 eum
1027 3508 1112 3566 esse,
1139 3496 1176 3555 et
1204 3508 1274 3554 uon
1305 3485 1497 3566 hominem,

429 3607 557 3675 dices.
608 3602 680 3672 Sed
707 3625 777 3671 non
802 3604 853 3672 ita
874 3611 938 3684 est,
957 3603 1124 3693 quoniam
1144 3600 1355 3671 ’amnonicit
1379 3610 1498 3671 semet-

451 3718 561 3811 ipsam
576 3716 735 3813 formam
761 3716 852 3787 renai
876 3716 1057 3811 accipiens
1110 3715 1201 3785 Dico
1227 3725 1348 3785 autem
1375 3716 1419 3783 de
1443 3738 1497 3792 eo,

452 3835 510 3927 qui
540 3856 586 3903 ex
615 3832 732 3902 Maria
759 3832 872 3902 factus
900 3832 1098 3902 esthemo.
1151 3830 1246 3914 Quid
1277 3830 1399 3900 enim?
1426 3853 1496 3899 nou

491 4068 505 4100 ²
526 4058 700 4120 casinensis,
724 4066 753 4112 at
774 4058 860 4113 dicam
883 4056 968 4112 dilere
987 4076 1038 4112 aon
1060 4056 1145 4112 homo.
1179 4055 1303 4112 Videant
1321 4056 1441 4119 Eruditi,
1462 4075 1498 4111 nn

452 4166 525 4211 recte
539 4155 720 4212 emendatum
735 4154 782 4209 sit.
820 4154 930 4226 (Potius
951 4152 1144 4227 reponendum
1157 4171 1219 4207 esse
1234 4152 1327 4216 delire,
1343 4153 1498 4208 ostendunt

453 4253 533 4309 etiam
549 4252 635 4308 verba
649 4253 705 4307 iiue
716 4270 777 4325 cap.
789 4270 836 4305 xv.
852 4271 879 4323 p.
894 4250 931 4304 80
945 4254 955 4320 )

695 4380 701 4402 ¹
721 4373 798 4446 [Por.
814 4375 884 4445 tuae]
921 4367 925 4374 ’
1068 4377 1074 4399 ‘
1092 4369 1162 4424 Phil.
1179 4370 1207 4425 ii.
1227 4384 1253 4443 7.
