3900 5167
656 508 926 573 SYMBOLUM
951 508 1290 585 AQUILEIENSE.
1430 514 1495 576 338

450 680 598 764 cifixus
625 680 704 759 sub
730 678 882 760 Pontio
909 677 1069 773 Pilat03
1099 694 1142 762 et
1168 682 1373 791 Sepultus
1394 684 1495 767 ’De-

451 824 613 907 scendit
642 822 696 903 ad
728 822 913 915 inferna3
944 822 1089 904 Tertia
1116 823 1184 905 die
1215 826 1440 908 resurrexit
1471 855 1496 908 a

450 967 654 1059 mortuis3
686 965 884 1046 Ascendit
912 965 966 1047 ad
992 963 1129 1055 coelos,
1158 966 1284 1049 Sedet
1313 969 1367 1051 ad
1392 970 1492 1051 dex·

451 1122 584 1191 teram
613 1108 759 1203 Patris,
785 1108 891 1188 Inde
917 1121 1117 1189 venturus
1142 1121 1205 1191 est
1227 1110 1416 1219 judicare
1435 1112 1496 1191 vi·

452 1278 523 1330 vos
543 1261 587 1331 et
605 1262 814 1331 mortuos:
844 1248 902 1330 Et
922 1250 965 1330 in
982 1250 1138 1360 Spiritu
1154 1251 1326 1333 Sancto:
1356 1253 1496 1334 ⁸Sauc⁶

454 1472 614 1529 “tudinem
635 1470 760 1528 ecclesiae
775 1468 966 1546 Aquileiensis
987 1472 1117 1539 retinere,
1133 1492 1218 1548 quam
1239 1474 1286 1548 qui
1307 1473 1498 1531 accusativum

454 1579 473 1602 ‘⁴
489 1576 636 1643 usurpant.
659 1567 731 1625 Haec
740 1575 835 1625 autem
844 1566 972 1643 Symboli
981 1569 1182 1642 pronuntiandi
1191 1570 1263 1627 ratio
1274 1590 1333 1627 non
1341 1569 1453 1629 videtur
1463 1572 1498 1628 ab

455 1674 473 1696 ‘⁴
488 1664 543 1722 hac
563 1663 684 1722 ecclesia
697 1663 805 1720 adscita
819 1663 879 1719 sine
893 1662 1011 1719 consilio
1028 1662 1124 1729 fuisse,
1140 1665 1191 1720 aed
1213 1674 1245 1721 ut
1258 1666 1344 1722 trium
1364 1685 1497 1740 persona·

454 1768 475 1793 “
489 1780 553 1818 rum
566 1761 733 1817 Divinarum
747 1760 848 1817 clarior
862 1769 937 1817 esset
954 1759 1098 1817 distinctio
1116 1761 1152 1817 ab
1170 1760 1294 1819 articulis
1308 1766 1499 1840 sequentibus,

455 1868 475 1891 “
492 1860 621 1917 Sanctam
634 1858 788 1915 Ecclesiam
802 1855 873 1915 &c.’'
915 1854 965 1913 Sic
978 1856 1071 1915 editor
1085 1858 1295 1916 Benedictiuus.
1337 1860 1385 1927 Et,
1400 1880 1437 1917 ue
1458 1860 1499 1917 di·

454 1973 527 2022 cam,
541 1954 682 2011 interdum
705 1953 734 2009 in
749 1952 961 2010 Commentario
982 1971 1034 2010 suo
1054 1953 1095 2009 ita
1116 1952 1237 2011 scribere
1258 1954 1405 2020 Rufinum,
1421 1963 1453 2013 ut
1471 1956 1500 2012 in

390 2042 397 2063 ⁹
456 2050 594 2127 Symbola
608 2050 745 2108 ablativos
758 2068 810 2126 pro
824 2048 991 2107 accusativis
1008 2050 1149 2107 invenisse
1163 2049 1302 2117 videatur,
1317 2061 1429 2111 constat
1442 2053 1501 2112 lere

456 2166 555 2205 omnes
575 2148 605 2204 in
626 2147 744 2205 articulo
764 2147 799 2204 de
818 2144 928 2221 Spiritu
943 2145 1059 2212 Sancto,
1075 2147 1122 2222 qui
1137 2148 1223 2206 finem
1236 2150 1501 2207 versusCommen·

454 2245 519 2303 tarii
534 2245 642 2319 positus
657 2252 709 2309 est,
724 2245 752 2300 ia
767 2244 876 2319 Spiritu
887 2243 988 2300 Sancto
1002 2252 1146 2318 praestare.
1189 2245 1224 2302 In
1238 2245 1336 2304 codice
1350 2246 1501 2321 Magdala·

455 2342 538 2399 nansi
550 2340 691 2416 prioribus
704 2339 775 2397 locis
789 2358 870 2397 casus
884 2339 1023 2397 ablativus
1037 2348 1174 2410 servatur,
1185 2342 1236 2399 sed
1247 2343 1303 2399 fine
1317 2341 1433 2399 mutilus
1446 2350 1500 2399 est.

456 2439 566 2494 Contra
585 2436 615 2492 in
633 2435 730 2493 codice
748 2436 904 2493 Bodleiano
925 2436 970 2492 his
995 2436 1108 2511 quidem
1129 2436 1208 2502 locis,
1228 2436 1343 2512 perinde
1365 2446 1450 2512 atque
1472 2438 1502 2493 in

456 2534 582 2611 principe
592 2534 726 2602 editione,
738 2551 800 2608 quae
811 2531 918 2589 Oxonii
932 2551 1007 2589 auno
1023 2532 1275 2603 1468,velsa1tem
1288 2534 1376 2611 1478,
1387 2533 1501 2608 prodiit,

456 2632 609 2691 accusativi
623 2639 773 2705 apparent,

496 2718 590 2785 ‘Jesu
608 2727 736 2800 Christo]
759 2726 805 2783 Sic
825 2726 870 2782 bis
892 2725 1017 2791 effertur,
1040 2725 1128 2783 semel
1152 2734 1273 2791 tantum.
1297 2724 1406 2783 Christo
1424 2724 1501 2783 Jesa.

458 2824 592 2883 Similiter
605 2824 635 2879 in
650 2822 779 2898 Symboli
793 2821 916 2879 Romani
930 2821 1068 2896 exemplis
1081 2822 1213 2879 variatur.
1451 2847 1456 2854 ⁴

497 2914 506 2943 ²
521 2920 675 2979 Descendit
696 2920 733 2976 ad
752 2919 875 2993 inferna]
898 2918 949 2976 Ait
969 2919 1106 2976 Rufinus:
1131 2918 1276 2976 Sciendum
1292 2937 1357 2976 aare
1369 2927 1419 2984 est,
1435 2918 1506 2993 qood

456 3021 485 3076 ia
505 3019 624 3076 ecclesio
642 3018 771 3074 Romoaoe
791 3016 919 3092 Symbola
943 3035 995 3073 aaa
1017 3015 1130 3073 labetur
1150 3016 1280 3082 additum,
1295 3015 1445 3073 Descendit
1468 3015 1506 3072 od

457 3117 583 3191 inferam
604 3115 654 3172 sed
675 3133 757 3190 aeque
777 3114 805 3170 ia
829 3113 950 3170 Orientis
973 3112 1094 3169 ecclesiis
1114 3112 1227 3171 boletar
1245 3113 1289 3171 lic
1311 3131 1408 3170 semna.
1455 3111 1505 3168 Vas

459 3221 547 3270 mmm
559 3211 636 3268 verli
650 3212 740 3267 eodem
754 3228 812 3266 esee
826 3210 932 3267 oidetm
944 3210 973 3266 ia
991 3226 1022 3265 eo
1039 3210 1110 3284 quod
1124 3208 1255 3284 Sepultus
1269 3210 1377 3267 dicitur.
1391 3228 1420 3283 p.
1437 3222 1504 3285 179.

457 3331 485 3386 p.
499 3326 549 3367 aa.
565 3308 608 3366 cd.
624 3308 693 3365 Fell.

498 3406 509 3438 ⁸
530 3404 666 3464 Sanctam
680 3403 851 3478 Ecclesiam]
877 3403 1009 3460 Proxime
1023 3410 1089 3477 post
1102 3399 1196 3475 pergit
1210 3400 1360 3457 ostendere
1374 3400 1504 3465 Rufinus,

461 3520 547 3577 quare
567 3500 733 3580 praepositio
758 3504 786 3557 ia
807 3499 884 3556 haud
908 3498 1005 3556 addita
1028 3498 1073 3555 his
1102 3495 1230 3572 Symboli
1258 3494 1383 3553 articulis
1409 3494 1504 3553 fuerit.

460 3598 517 3656 llic
527 3617 595 3657 vero
605 3617 705 3656 vocem
720 3598 888 3663 cotlolicom,
901 3615 962 3671 qua
973 3603 1039 3670 post
1049 3594 1203 3652 Ecclesiam
1217 3593 1247 3650 in
1258 3592 1354 3649 Rufini
1367 3591 1506 3649 editiones

459 3696 620 3770 irrepserat.
635 3702 712 3752 recte
737 3694 833 3751 omisit
852 3692 945 3750 editor
957 3691 1170 3756 Benedictinus,
1192 3690 1246 3747 hac
1264 3697 1333 3746 nota
1353 3687 1505 3763 adscripta,

462 3798 481 3824 ‘⁸
497 3792 637 3850 Pamelius
654 3791 733 3848 addit
750 3790 909 3848 catholicam
927 3808 964 3848 ex
983 3788 1105 3846 Froben.
1120 3796 1150 3846 et
1162 3796 1221 3845 vet.
1237 3787 1304 3844 edit.
1320 3786 1441 3843 Hieron.
1456 3785 1508 3843 sed

462 3899 479 3922 ‘⁴
495 3888 804 3948 deestillavoxinaliis
812 3887 894 3945 codd.
904 3887 987 3944 editis
996 3893 1025 3945 et
1033 3884 1330 3944 MSSnecaRufiino
1339 3883 1506 3957 explicatur,

462 3996 481 4019 “
496 3995 528 4044 ut
541 3989 601 4063 ipse
615 3986 719 4044 fatetur
732 3985 901 4044 Pamelius.”
934 3984 980 4040 Sic
993 3984 1049 4049 ille,
1060 4000 1151 4056 neque
1166 3989 1243 4038 extat
1253 3999 1311 4036 vox
1325 3979 1372 4036 illa
1385 3980 1415 4035 in
1428 3979 1505 4053 prin·

461 4085 522 4159 cipe
536 4085 670 4151 editione,
683 4085 718 4141 de
733 4102 788 4159 qua
802 4101 886 4157 supra
899 4081 969 4150 dixi,
981 4081 1034 4138 etsi
1049 4081 1079 4137 in
1093 4081 1198 4154 scripto
1210 4078 1365 4135 Bodleiano
1379 4085 1505 4153 apparet.

463 4181 605 4240 Caeterum
629 4182 713 4257 paulo
736 4190 801 4238 ante
823 4181 899 4237 hunc
921 4188 950 4236 et
974 4179 1181 4253 praecedentem
1201 4175 1364 4233 Articulum
1385 4176 1414 4231 in
1436 4176 1507 4232 istac

464 4279 586 4337 editione
604 4280 699 4335 Rufini
717 4277 867 4335 Parisiensi
881 4296 910 4351 p.
928 4277 995 4350 187.
1018 4275 1141 4350 positum
1164 4281 1208 4330 est
1232 4273 1317 4338 istud,
1333 4271 1412 4329 Sicut
1432 4280 1458 4329 el
1479 4274 1507 4329 ia

465 4374 590 4450 Symbola
604 4377 712 4433 dicitur.
753 4375 796 4431 Et
811 4393 891 4449 repao
906 4375 964 4446 ejau
977 4390 1028 4429 aaa
1042 4373 1095 4428 erit
1103 4371 1180 4446 finis.
1223 4368 1280 4437 Qui
1294 4367 1407 4443 quidem
1422 4366 1505 4443 Sym·

462 4472 521 4529 boli
534 4471 843 4548 constantinopolitani
864 4471 998 4529 articulus
1017 4479 1070 4527 est.
1114 4466 1172 4525 Sed
1185 4485 1253 4539 vero
1273 4466 1374 4524 melius
1394 4465 1512 4539 legitur„
