3900 5167
798 466 1106 533 DISPUTATIO.
1456 469 1497 533 75

449 640 734 735 evangelizatum
772 663 920 737 regnum
955 641 1119 713 celorum
1154 633 1267 710 solum
1302 638 1495 732 amplecti:

449 758 662 849 semetipsos
689 759 786 826 eninr
814 758 1006 839 irriserunt,
1038 755 1186 827 ridicula
1215 767 1252 827 et
1282 755 1416 825 ludicra
1444 756 1499 823 in-

450 871 691 953 troducentes,
708 873 846 966 exiguis
866 870 1077 963 quibusdam
1094 871 1210 942 verbis
1226 870 1262 940 in
1280 870 1359 964 lege
1375 871 1499 941 adum·

449 987 572 1069 brutis,
587 988 790 1080 ignorantes
811 988 895 1079 quia
917 984 1020 1057 malis
1045 988 1074 1056 si
1096 986 1373 1057 admiscerentur
1395 987 1497 1068 bona,

451 1100 628 1171 malorum
655 1103 881 1193 corruptione
907 1102 1027 1182 etiam,
1051 1124 1129 1192 quae
1154 1101 1247 1172 bona
1271 1111 1364 1183 sunt,
1382 1111 1500 1172 exter·

450 1218 642 1288 minantur.
695 1217 744 1287 Et
773 1218 802 1287 si
835 1218 978 1308 quidem
1008 1226 1063 1286 est
1091 1217 1288 1308 quisquam,
1306 1218 1366 1307 qui
1389 1220 1500 1310 possit

451 1334 649 1414 ostendere,
674 1332 791 1426 legem
815 1334 903 1403 recti
929 1341 1111 1401 tenentem
1140 1354 1227 1413 esee,
1251 1333 1358 1402 debet
1383 1345 1500 1403 custo·

450 1449 541 1531 diri3
567 1450 621 1519 sin
637 1459 759 1519 autem
777 1447 906 1519 malam
925 1449 1121 1529 ostendero,
1139 1448 1373 1518 interimenda
1390 1459 1499 1520 estet

451 1564 659 1656 abjicienda,
680 1565 812 1657 quippe
839 1587 917 1656 quae
942 1566 1087 1633 rmortis
1114 1565 1361 1634 ¹ministerium
1387 1566 1500 1635 conti-

452 1690 518 1749 net
550 1680 791 1761 iuformatum,
822 1702 903 1770 quae
934 1678 1053 1748 vultus
1089 1679 1206 1772 Moysi
1239 1681 1387 1774 gloriam
1417 1704 1500 1751 con-

451 1806 588 1888 tegens,
622 1796 811 1866 destruxit.
880 1792 965 1863 Non
1000 1805 1056 1863 est
1092 1795 1202 1887 igitur
1235 1796 1309 1865 sine
1341 1796 1498 1887 periculo

452 1911 620 2003 cuiquam
653 1919 810 1979 vestrum
849 1910 981 2001 pariter
1014 1931 1096 1979 cum
1135 1909 1214 2002 lege
1248 1921 1285 1981 et
1318 1912 1499 2004 prophetis

453 2026 603 2098 Novum
621 2026 921 2107 'Testamentum
939 2033 1108 2116 tanquam
1125 2027 1229 2097 unius
1251 2029 1322 2097 sint
1340 2035 1497 2119 utraque,

453 2144 594 2224 docere,
611 2142 743 2234 quippe
759 2162 842 2211 cum
859 2150 1006 2210 renovet
1024 2142 1068 2211 de
1085 2142 1143 2211 die
1166 2143 1202 2210 in
1226 2142 1321 2213 diem
1339 2143 1499 2215 Salvato-

453 2259 502 2327 ris
518 2258 628 2328 nostri
642 2258 814 2328 eruditio:
836 2256 914 2328 'illa
927 2280 1010 2327 vero
1024 2269 1243 2328 veterascens
1260 2267 1297 2328 et
1315 2280 1499 2331 senescens

453 2396 565 2466 prope
586 2373 838 2443 exterminium
855 2374 928 2444 fiat.
980 2371 1086 2455 Quod
1108 2373 1332 2444 manifestum
1358 2383 1413 2444 est
1434 2375 1499 2459 his,

452 2490 515 2581 qni
534 2489 779 2559 discretionem
803 2487 934 2560 habere
957 2496 1124 2579 possunt3
1150 2490 1232 2579 quia
1255 2492 1346 2559 sicut
1367 2491 1501 2562 arboris

452 2626 537 2676 cnm
555 2604 736 2674 senuerint
758 2605 858 2686 rami,
876 2603 932 2674 vel
958 2611 1105 2673 truncus
1130 2604 1284 2673 fructum
1311 2606 1404 2675 ultra
1429 2626 1501 2676 non

452 2721 567 2802 all'ert,
584 2721 646 2790 sed
671 2720 934 2802 abscinduntur,
957 2727 996 2789 et
1021 2718 1180 2788 membra
1204 2742 1398 2811 corporum,
1417 2746 1499 2792 cnm

452 2845 621 2929 corrupta
642 2836 786 2918 fuerint,
804 2842 1053 2927 amputantur:
1080 2836 1312 2926 corruptionis
1338 2838 1433 2907 enim
1451 2840 1501 2906 vi-

452 2976 513 3023 rus
531 2974 577 3023 ex
597 2950 765 3021 membris
787 2973 851 3043 per
873 2973 978 3019 omne
1001 2971 1127 3041 corpus
1152 2949 1360 3034 infunditur,
1378 2961 1416 3021 et
1433 2955 1501 3023 nisi

453 3069 598 3142 artificis
623 3068 807 3162 diligentia
831 3066 1027 3137 remedium
1052 3066 1196 3136 morbus
1221 3070 1406 3160 acceperit,
1425 3094 1500 3140 cor·

452 3208 520 3278 pus
546 3205 651 3253 omne
676 3184 841 3266 vitiatur;
871 3184 921 3253 ita
951 3205 1035 3275 ergo
1065 3190 1103 3251 et
1135 3182 1343 3273 recipientes
1373 3184 1500 3278 legem,

455 3298 521 3367 nisi
549 3296 785 3389 cognoveritis
813 3296 915 3386 cujus
939 3296 997 3377 sit,
1020 3294 1155 3364 animas
1180 3318 1262 3366 cum
1288 3296 1402 3368 salute
1425 3322 1503 3391 per-

454 3412 556 3482 detis
609 3408 707 3481 mee
733 3412 834 3491 caim,
860 3420 891 3480 et
910 3407 1091 3504 prophetoe
1120 3432 1226 3503 arque
1254 3410 1302 3481 od
1328 3412 1500 3485 Jccnnem

494 3648 511 3695 y
533 3636 591 3693 liic
612 3654 686 3692 unus
707 3654 742 3692 ex
763 3634 818 3691 illis
839 3632 933 3691 Sacrae
955 3631 1109 3707 scripture
1131 3632 1200 3689 locis
1221 3652 1283 3691 esse
1296 3636 1417 3703 videtur,
1432 3659 1504 3714 quos

455 3734 568 3798 Manes,
581 3733 723 3790 Archelao
744 3741 816 3789 teste
837 3731 866 3787 in
886 3750 947 3805 cap.
964 3748 1013 3805 53.
1035 3730 1120 3804 hujus
1141 3730 1349 3805 disputationis,
1365 3737 1400 3791 ad
1422 3757 1502 3795 suam

455 3831 624 3888 iniciendam
652 3830 782 3886 haeresim
807 3829 948 3904 corrupit:
980 3846 1046 3883 nam
1075 3826 1217 3883 diversum
1245 3847 1359 3886 sensum
1387 3851 1444 3905 prae
1472 3854 1502 3891 se

456 3928 548 3986 lerunt
572 3927 650 3984 Pauli
674 3926 768 3991 verba,
793 3927 829 3982 ad
853 3945 914 4000 quae
941 3925 1065 3998 respicit,
1090 3931 1149 3979 tam
1174 3924 1203 3978 in
1229 3926 1345 4000 vulgata
1369 3929 1501 3996 editione,

458 4044 538 4099 qnam
552 4024 628 4098 apud
642 4023 816 4081 Archelaum
830 4033 957 4080 nostrum
973 4022 1046 4077 infra
1059 4039 1120 4096 cap.
1133 4037 1182 4091 43.

496 4131 510 4163 ²
533 4121 579 4177 lta
602 4121 706 4177 codicis
721 4121 884 4178 Casiuensis
905 4120 1057 4177 lectionem
1079 4118 1260 4184 correximus,
1283 4122 1311 4176 in
1334 4141 1389 4195 quo
1413 4124 1499 4198 scrip-

461 4225 516 4273 tum
531 4227 584 4281 est,
600 4236 694 4274 rovum
708 4219 899 4281 testimonium,
915 4225 970 4273 tam
985 4225 1120 4290 tanquam.

540 4395 546 4421 ¹
565 4406 581 4443 a
597 4386 665 4445 Cor.
681 4388 718 4443 iii.
736 4404 760 4461 7.
845 4395 852 4418 ²
871 4387 960 4459 [Heb.
976 4387 1033 4443 viii.
1052 4388 1110 4458 13.]
1194 4386 1286 4442 'Luc
1302 4388 1356 4445 xvi.
1378 4390 1422 4446 16.

953 4501 1004 4545 n2
