3900 5167
536 448 600 509 132
758 445 1013 511 ARCHELAI
1044 446 1109 510 ET
1142 444 1362 510 MANETIS

535 625 688 709 babens3
714 627 773 696 sed
793 650 838 697 ne
859 629 895 695 in
913 649 1062 723 numero
1080 626 1225 718 quidem
1243 623 1497 717 discipulorum
1523 646 1581 716 po-

534 742 632 825 situs,
650 766 765 834 neque
792 744 971 813 Defuncto
989 752 1109 813 nostro
1127 743 1326 825 obsecutus
1345 743 1447 833 cujus
1474 739 1581 810 haerc·

535 857 646 929 ditate
662 860 877 952 gaudemus3
906 882 988 929 cum
1005 881 1121 951 neque
1138 860 1172 928 ei
1190 858 1372 953 languenti
1395 857 1580 937 adstiterit,

533 997 604 1043 non
623 978 723 1047 testis
740 977 900 1047 extiterit
918 977 1134 1058 testamenti,
1153 975 1224 1044 imo
1242 975 1359 1066 potius
1377 996 1459 1043 oum
1480 995 1525 1042 ne
1546 973 1580 1041 in

533 1091 698 1162 notitiam
724 1093 866 1184 quidem
898 1092 1036 1162 venant
1063 1113 1198 1171 eorum,
1222 1089 1283 1182 qui
1313 1090 1475 1159 obsecuti
1501 1098 1580 1158 sunt

532 1209 740 1298 aegrotanti:
766 1218 945 1300 postremo
979 1229 1060 1277 cum
1092 1206 1224 1276 nullius
1257 1226 1398 1298 prorsus
1431 1205 1580 1297 accipiat

532 1322 785 1404 testimonium,
817 1323 1034 1395 Paraclitum
1068 1345 1106 1393 se
1140 1344 1216 1393 esse
1247 1321 1325 1391 vult
1353 1321 1473 1403 oredi;
1501 1342 1580 1390 cum

531 1438 640 1509 etiam
666 1440 694 1510 si
720 1441 830 1534 signa,
848 1450 886 1512 et
904 1441 1063 1533 prodigia
1079 1439 1223 1520 faceres,
1241 1436 1367 1509 falsum
1386 1435 1579 1518 Christum,

532 1562 570 1622 et
586 1554 714 1625 falsum
729 1552 945 1647 Prophetam
964 1563 1002 1625 te
1018 1555 1173 1647 reputari
1186 1560 1366 1645 oporteret
1383 1552 1578 1623 seeundum

532 1669 741 1761 scripturas3
767 1678 805 1740 et
830 1670 911 1741 ideo
937 1669 1103 1740 convenit
1132 1690 1197 1739 nos
1224 1667 1363 1738 cautius
1390 1690 1507 1761 agere,
1529 1688 1579 1738 se-

532 1785 686 1853 cundum
723 1785 819 1876 quod
852 1785 978 1856 beatus
1007 1783 1204 1877 Apostolus
1231 1793 1363 1865 monet,
1393 1783 1517 1854 dicens
1543 1784 1577 1852 in

531 1900 691 1992 epistola,
708 1911 836 1992 tquam
854 1900 1121 1971 Colossensibus
1138 1900 1277 1991 scripsit
1295 1896 1519 1969 'Permaneto
1542 1898 1577 1967 ia

520 2013 763 2109 fidesuudati,
780 2024 812 2086 et
827 2013 987 2098 radicati,
1005 2024 1037 2086 et
1054 2012 1242 2085 immobiles
1259 2011 1300 2083 ah
1312 2035 1371 2107 spe
1384 2010 1577 2109 Evangelii,

531 2128 623 2221 quod
639 2127 863 2209 ‘audiuimus
881 2128 974 2224 quad
992 2127 1209 2223 predicatum
1235 2135 1284 2198 est
1309 2127 1468 2197 inomni
1489 2150 1576 2198 crea

531 2252 621 2326 tura,
639 2267 718 2338 qaue
729 2242 790 2314 suh
807 2243 889 2315 cele
906 2254 964 2317 est.
1018 2245 1066 2315 Et
1089 2267 1238 2326 rursum,
1257 2241 1374 2315 'Sicut
1389 2266 1472 2339 erpo
1489 2266 1576 2315 aoce-

526 2360 630 2452 pistis
649 2356 827 2450 Christum
844 2358 967 2442 Jesum
986 2358 1188 2442 Dominum,
1215 2359 1274 2428 *iu
1301 2359 1377 2453 ipso
1402 2356 1575 2439 undalum,

529 2474 691 2558 radicati,
709 2485 741 2546 et
745 2474 897 2570 fundati
912 2501 1016 2572 super
1033 2478 1156 2572 ipsum,
1170 2473 1460 2570 coufirmatistde‚
1477 2473 1576 2545 aaut

530 2588 727 2671 uocitata,
746 2590 955 2664 abundantes
982 2594 1020 2663 iu
1041 2594 1242 2690 pretiorum
1268 2592 1409 2662 actione.
1464 2587 1575 2660 Videte

529 2729 572 2774 ue
588 2706 666 2799 puis
683 2729 740 2777 aas
757 2703 928 2801 '’eupoliet
948 2731 1015 2802 per
1035 2705 1300 2802 philosophiam,
1318 2714 1350 2776 et
1367 2704 1505 2775 iuauem
1530 2726 1575 2774 se·

529 2820 732 2907 ductionem,
758 2822 942 2894 secuudum
968 2822 1128 2893 elementa
1154 2820 1285 2900 muudi,
1309 2827 1341 2890 et
1365 2840 1436 2888 mou
1462 2840 1575 2888 secuu-

528 2936 609 3007 dum
630 2934 819 3023 Christum,
838 2940 920 3034 puio
947 2940 985 3008 iu
1011 2940 1086 3032 ipso
1111 2936 1240 3008 habitat
1266 2935 1378 3006 amuis
1396 2931 1576 3028 plenitudo

528 3052 691 3126 Deitatis.
744 3055 882 3138 Quibus
911 3055 1075 3125 omnibus
1104 3055 1155 3124 ita
1180 3054 1368 3146 diligenter
1398 3044 1576 3142 expositis,

529 3170 654 3240 beatus
681 3170 884 3262 Apostolus,
913 3171 1011 3241 velut
1038 3180 1139 3261 pater
1164 3170 1254 3252 filiis,
1283 3169 1382 3239 addit
1410 3175 1578 3259 tanquam

528 3286 747 3379 signaculum
778 3287 956 3379 quoddam
986 3286 1190 3356 testamenti
1222 3285 1351 3364 dicens,
1374 3281 1578 3355 ’Certamen

569 3570 583 3612 t
597 3559 717 3625 Vocem,
731 3560 826 3628 Quum,
843 3580 895 3617 nos
911 3561 1080 3622 addidimus,
1091 3559 1131 3615 ita
1142 3577 1226 3614 sensu
1242 3563 1386 3632 poscente.
1421 3554 1481 3610 Aut
1495 3554 1580 3620 sorte,

528 3658 641 3731 scripta,
657 3658 821 3732 legendum.

569 3764 582 3793 z
599 3754 632 3810 In
649 3754 782 3830 Vulgata,
794 3756 928 3811 Audistis.

568 3864 582 3894 ⁸
598 3852 642 3908 lta
660 3852 799 3926 Vulgata;
823 3852 850 3907 iu
866 3852 963 3908 codice
979 3859 1073 3907 autem
1089 3847 1237 3905 Casineusi
1251 3846 1365 3921 legitur,
1381 3844 1409 3898 ia
1424 3844 1522 3917 ipsam.

567 3949 583 3993 b
598 3953 761 4009 Casinensis
776 3954 875 4019 codex,
889 3952 1013 4026 expoliat,
1029 3960 1054 4005 et
1065 3969 1127 4025 per.
1171 3948 1258 4022 Cypr.
1270 3945 1351 4002 initio
1364 3943 1428 3999 libri
1445 3943 1481 3999 de
1497 3944 1579 3999 Bono

526 4049 672 4106 Patientia*
683 4048 780 4114 habet,
797 4050 976 4124 Depraedetur
985 4066 1038 4122 per
1052 4045 1266 4118 Philosophiam,
1282 4041 1382 4097 Graece
1397 4048 1441 4095 est
1455 4044 1579 4112 συλαγω.

526 4152 588 4217 γῶν,
604 4146 680 4220 quod
694 4147 811 4202 verbum
827 4146 963 4221 Vulgata,
979 4144 1105 4217 decipiat,
1121 4150 1150 4198 et
1164 4139 1283 4196 Tcrtull.
1298 4138 1333 4193 de
1349 4135 1495 4211 Praescrip.
1511 4155 1535 4192 c.
1552 4150 1577 4207 7.

526 4243 724 4306 circumveniet.
740 4243 972 4316 interpretantur.

568 4396 574 4417 ¹
591 4391 654 4446 Col.
671 4391 689 4446 i.
709 4407 741 4460 23
884 4395 891 4417 ²
908 4390 982 4446 lbid.
999 4389 1026 4445 ii.
1040 4390 1129 4462 6-9.
1262 4390 1271 4420 ⁸
1288 4401 1302 4439 2
1318 4382 1391 4440 Tim.
1405 4383 1444 4437 iv.
1464 4399 1490 4455 7,
1507 4380 1534 4436 8.

750 4435 754 4443 ι

727 4447 731 4458 ι
