3900 5167
451 472 515 534 148
679 469 933 534 ARCHELAI
958 470 1023 534 ΕΤ
1048 472 1273 538 MANETIS

454 644 698 714 honorandum
722 651 787 713 est.
839 643 910 713 Sed
935 655 973 714 et
999 667 1148 737 puerum
1171 647 1254 738 oqui
1274 647 1320 716 ed
1343 647 1496 715 doctores

452 779 475 827 s
508 756 698 849 paedsgogo
733 757 947 847 perducitur,
975 780 1058 827 oum
1092 757 1210 828 adhuc
1244 758 1416 850 parvulus
1440 769 1496 840 est,

452 872 611 963 nunquid
647 895 729 941 cum
762 873 808 942 sd
842 880 989 942 aetetem
1032 874 1232 965 pervenerit
1265 873 1498 944 rdehonorare

451 996 610 1078 'oportet
627 989 867 1081 pedagogum,
886 996 1075 1080 propterea
1091 988 1186 1080 qnod
1203 989 1283 1080 jum
1305 1011 1416 1081 opero
1430 988 1498 1080 ejus

451 1125 524 1172 non
541 1102 686 1197 indiget,
704 1112 742 1173 et
758 1112 877 1194 potest
893 1102 989 1173 solus
1004 1104 1083 1196 jem
1100 1103 1175 1174 sine
1192 1103 1269 1193 ejus
1287 1101 1498 1174 adminiculo

452 1218 497 1287 sd
525 1218 661 1287 scholas
691 1241 846 1311 pergere,
874 1228 983 1309 atque
1010 1218 1056 1287 od
1086 1216 1261 1288 auditorio
1291 1216 1498 1310 properaret

452 1330 546 1401 ‘Aut
570 1355 708 1403 rursum
736 1332 910 1425 parvulus,
933 1333 996 1423 qui
1025 1332 1118 1402 lecte
1145 1332 1303 1402 nutritus
1329 1340 1397 1415 est,
1422 1354 1499 1403 cum

452 1448 641 1540 profecerit
657 1450 702 1519 ed
719 1448 904 1519 validiores
928 1449 1035 1530 cibos,
1053 1470 1135 1518 oum
1158 1447 1289 1542 injurio
1311 1448 1423 1518 debet
1443 1448 1500 1518 sb-

446 1563 558 1654 jicere
581 1572 689 1656 utque
712 1564 960 1635 exhorrescere
983 1565 1129 1634 nutricis
1150 1562 1390 1634 mammillas?
1416 1564 1499 1654 quin

453 1678 571 1770 potius
595 1688 782 1748 veneretur
812 1687 850 1749 et
880 1678 978 1761 oolit,
1003 1687 1041 1749 et
1066 1678 1225 1749 beneficii
1256 1679 1312 1748 sui
1338 1678 1500 1749 udebitor

453 1793 595 1862 fatetur.
647 1792 759 1863 Aliud
776 1795 895 1876 etiem,
913 1796 941 1865 si
959 1794 1109 1876 videtur,
1127 1792 1360 1863 ‘adhibemus
1381 1815 1500 1864 exem·

452 1907 562 1999 plum.
615 1907 735 1978 Homo
753 1910 895 2001 quidam
922 1910 1122 2002 projectum
1144 1910 1181 1978 in
1199 1916 1332 1978 terrem
1349 1930 1434 1978 cum
1450 1908 1499 1977 vi·

452 2024 561 2094 disset
577 2025 760 2107 infantem,
778 2035 816 2095 et
829 2028 906 2117 Jum
924 2024 1154 2095 vehementer
1168 2021 1353 2107 efflictum,
1370 2021 1498 2093 ’collo—

451 2141 506 2234 git
523 2163 615 2224 eum,
633 2148 671 2210 et
688 2143 822 2211 nutrire
838 2140 932 2232 opud
949 2162 988 2210 se
1011 2139 1127 2230 coepit,
1145 2160 1328 2229 usquequo
1345 2139 1391 2208 nd
1418 2147 1498 2209 sets·

454 2265 527 2325 tem
567 2255 816 2326 odolescentiae
853 2256 1064 2357 perveniret,
1097 2252 1333 2344 toleravitque
1366 2276 1497 2335 omnes,

451 2371 532 2461 ²qui
557 2372 698 2440 evenire
723 2370 839 2442 solent
863 2370 1106 2452 nutritoribus,
1124 2369 1272 2440 labores.
1323 2367 1497 2440 'Accedit

452 2508 535 2555 vero
565 2497 645 2578 post
672 2494 813 2578 tempus
832 2487 873 2567 is,
898 2486 959 2578 qui
986 2484 1155 2555 naturalis
1179 2484 1213 2553 ei
1241 2483 1359 2555 fueret
1387 2493 1496 2576 poter,

451 2600 628 2691 requirere
650 2622 808 2693 puerum,
835 2609 873 2671 et
899 2600 1035 2670 invenit
1064 2621 1147 2668 enm
1171 2598 1266 2690 opud
1295 2596 1412 2684 illum,
1438 2601 1497 2690 qui

451 2716 633 2786 nutrierat.
686 2715 781 2798 Quid
806 2716 913 2786 faciat
938 2714 996 2785 hic
1022 2736 1122 2806 puer,
1142 2723 1243 2805 patre
1259 2713 1429 2806 cognito?
1454 2716 1498 2784 de

445 2829 545 2920 justo
570 2830 664 2899 enim
692 2854 802 2922 puero
831 2831 918 2901 mihi
949 2853 1064 2902 sermo
1095 2838 1161 2900 est.
1216 2828 1348 2898 Nonne
1374 2828 1497 2898 multis

451 2945 551 3016 donis
568 2959 752 3017 munerato
770 2970 822 3029 eo,
840 2949 899 3039 qui
924 2970 962 3018 se
981 2947 1200 3028 educaverat
1218 2945 1380 3038 sequitur
1396 2953 1497 3015 netu·

492 3225 505 3260 ‘¹
520 3218 558 3273 Et
571 3218 617 3273 hic
632 3218 730 3275 melior
743 3219 893 3276 Bobiensis
905 3219 1011 3277 codicis
1024 3220 1125 3284 lectio;
1149 3238 1215 3275 uem
1226 3218 1390 3276 Catinensis
1402 3218 1494 3284 habet,

453 3317 498 3387 qui
512 3333 528 3369 u
542 3315 651 3370 doctore
664 3316 700 3371 iis
712 3335 729 3371 α
738 3319 898 3392 poedapopo.

492 3431 504 3461 ¹
518 3421 616 3477 Codex
629 3421 789 3486 Bobiensis,
804 3423 987 3481 debonestare.

491 3527 503 3558 ⁸
526 3518 625 3576 Codex
647 3517 820 3583 casinensis.
842 3529 956 3595 oportet,
979 3530 1004 3576 et
1024 3521 1207 3595 pedopopum,
1226 3520 1435 3594 propterquod
1451 3537 1496 3575 ore

449 3616 507 3687 ejus
520 3634 572 3671 non
583 3616 692 3691 indicet.
734 3616 773 3672 Et
787 3617 871 3691 poulo
885 3627 959 3691 post,
974 3626 1054 3692 etque
1062 3616 1232 3692 plauditorio
1242 3635 1405 3691 properare.
1439 3614 1494 3673 Sed

450 3731 503 3768 nos
518 3713 665 3770 Bobiensis
679 3713 783 3770 codicis
797 3715 948 3771 lectionem
963 3714 1164 3789 expressimus.

491 3815 501 3852 2
516 3808 673 3875 Bobieusis,
692 3809 728 3865 Ut
743 3829 860 3867 narsum.

491 3916 506 3947 ¹¹
521 3906 693 3975 Cesinensis,
708 3907 862 3963 debitorem.
897 3908 991 3974 Forte,
1007 3916 1034 3962 et
1048 3906 1165 3981 beneficii
1178 3925 1207 3961 sc
1220 3906 1369 3962 debitorem
1375 3906 1492 3980 fatetur.

490 4013 504 4039 ¹
519 4003 676 4071 Bobiensis‚
691 4004 868 4060 adhibeamus.
892 4005 971 4075 (For.
988 4004 1201 4077 recipiendum.)

490 4110 504 4153 t
521 4101 600 4156 ldem
615 4101 714 4167 codex,
730 4101 843 4176 cottipit,
858 4110 885 4156 et
899 4103 1005 4157 nutrire
1018 4101 1091 4175 opud
1103 4119 1132 4155 ce
1145 4103 1250 4175 querit.

489 4206 503 4237 ²
519 4197 597 4253 idern
613 4197 713 4260 codex,
727 4199 772 4272 qui
786 4201 875 4254 verrin
888 4199 973 4254 solent
987 4198 1136 4254 nutricibus
1148 4197 1263 4253 labores.

491 4304 506 4335 ⁸
527 4294 606 4350 Idem
621 4294 721 4360 codex,
736 4295 845 4351 Accidit
859 4316 923 4352 vero
932 4304 997 4369 post
1010 4304 1123 4370 tempus,
1138 4304 1168 4351 ut
1185 4294 1269 4369 isqui
1282 4300 1329 4357 dc.
1346 4294 1491 4369 requireret

446 4404 566 4460 puerum,
579 4395 605 4441 et
619 4387 748 4442 inueniret
763 4406 828 4444 rum.
