3900 5167
451 454 493 516 40
674 447 927 511 ARCHELAI
957 447 1024 510 ET
1055 444 1275 510 MANETIS

450 633 543 702 tatae,
568 622 697 714 quibus
723 621 806 693 solis
836 620 946 692 libere
977 621 1030 690 uti
1056 619 1197 704 licebat,
1222 618 1416 713 gemitibus
1442 642 1493 692 re·

449 740 682 833 sponderent:
709 759 856 829 querum
880 738 908 807 si
931 760 1009 829 quae
1030 735 1188 808 tenerius
1210 736 1358 828 propriis
1380 735 1494 807 indul-

448 861 574 949 gerent
592 853 794 934 visceribus,
811 853 977 922 interitus
993 860 1125 923 sortem
1142 859 1269 944 sponte
1291 852 1358 924 sibi
1375 874 1492 945 parem

450 994 531 1043 cum
558 969 638 1041 filiis
663 976 980 1061 praesumpsemnt3
1011 968 1039 1038 si
1066 991 1143 1059 quae
1169 989 1252 1039 vero
1277 967 1409 1039 habere
1434 967 1493 1039 ali·

450 1088 535 1180 quid
561 1086 756 1156 tolerentiae
784 1092 988 1177 potuerunt,
1012 1085 1159 1175 captivae
1185 1082 1255 1155 huc
1281 1106 1394 1176 usque
1420 1107 1492 1177 per·

451 1205 566 1274 ductae
586 1211 679 1272 sunt.
722 1201 853 1271 Triduo
870 1202 992 1292 itaque
1015 1209 1152 1282 exacto,
1170 1222 1253 1272 cum
1269 1223 1315 1271 ne
1332 1201 1491 1271 noctibus

451 1319 594 1410 quidem
614 1317 768 1409 aliquem
785 1317 944 1408 requiem
962 1316 1185 1408 cepissemus,
1203 1316 1248 1387 sd
1266 1314 1385 1386 locum
1402 1316 1492 1387 hunc

451 1432 687 1525 perducimur,
704 1433 739 1500 in
766 1455 837 1523 quo
862 1440 943 1522 post
968 1430 1043 1500 haec
1062 1431 1138 1521 jem
1164 1431 1249 1523 quid
1273 1440 1416 1525 gestum
1441 1434 1491 1513 sit,

451 1548 579 1621 melius
595 1549 671 1639 ipse
688 1549 792 1617 nosti.

503 1662 573 1734 ΙΙΙ.
594 1662 663 1734 His
679 1663 809 1733 auditis
828 1664 881 1731 vir
899 1662 1074 1755 piissimus
1090 1659 1280 1736 Marcellus
1304 1662 1492 1754 plurimum

452 1780 488 1850 in
507 1779 676 1872 lacrymas
698 1779 860 1870 profusus
877 1786 942 1861 est,
959 1780 1124 1849 misertus
1146 1787 1264 1850 tentos
1288 1787 1419 1850 ettam
1439 1802 1493 1850 vs·

452 1896 521 1967 rios
546 1918 666 1979 cesus3
692 1896 753 1968 sed
779 1894 867 1965 nihil
893 1905 1061 1978 moratus,
1083 1894 1181 1966 cibos
1206 1905 1392 1988 praeparet,
1416 1896 1493 1967 foti·

451 2012 544 2106 getis
570 2012 886 2104 persemetipsum
913 2011 1108 2082 ministeris
1132 2010 1312 2094 exhibens,
1338 2013 1495 2083 imitatus

453 2134 591 2219 petrem
617 2134 777 2196 nostrum
804 2121 1009 2197 hAbraham
1035 2126 1281 2220 patriercham,
1299 2128 1359 2218 qui
1386 2148 1495 2219 quon·

453 2242 534 2312 dem
561 2242 694 2335 angelis
719 2265 741 2312 a
765 2265 802 2313 se
827 2242 981 2334 hospitio
1004 2244 1187 2334 susceptis,
1205 2264 1276 2313 non
1301 2242 1497 2314 vernaculis

453 2356 639 2448 imperavit
673 2356 823 2426 vitulum
860 2357 997 2428 deferre
1026 2358 1071 2428 de
1100 2357 1287 2451 gregibus3
1327 2359 1390 2429 sed
1424 2360 1497 2451 ipse

453 2472 569 2543 senior
603 2472 806 2562 impositum
841 2473 997 2544 humeris
1026 2472 1183 2566 pertulit,
1211 2497 1253 2545 10
1287 2495 1351 2565 per
1384 2482 1497 2545 semet

453 2596 668 2680 praeparatos
692 2587 789 2659 cibos
812 2590 960 2681 propriis
982 2590 1144 2660 manibus
1170 2588 1303 2682 angelis
1324 2591 1497 2682 epposuit.

454 2701 570 2773 Simili
599 2713 636 2772 et
663 2702 857 2775 Marcellus
881 2705 1025 2775 functus
1053 2704 1177 2786 officio,
1206 2704 1314 2775 denos
1341 2706 1498 2799 praecipit

454 2840 517 2909 per
540 2820 700 2889 convivia
727 2821 899 2903 reclinari,
924 2821 1227 2914 septingentisque
1251 2821 1415 2892 omnibus
1438 2844 1499 2891 ex-

455 2932 581 3004 tructis
609 2936 749 3016 mensis,
781 2960 862 3005 cum
893 2936 1029 3028 ingenti
1060 2935 1183 3005 laetitia
1211 2935 1393 3007 reficiebat
1422 2937 1499 3006 uni·

455 3072 583 3131 versos,
614 3052 665 3119 ite
694 3061 735 3121 ut
766 3054 825 3144 qni
859 3074 1041 3144 superesse
1068 3059 1257 3143 potuerant
1285 3050 1498 3122 oblivionem

456 3174 621 3255 caperent
638 3164 811 3250 laborum,
829 3190 870 3237 ac
892 3168 1002 3237 totius
1024 3166 1109 3236 mali
1130 3164 1353 3236 efficerentur
1375 3168 1499 3237 imme-

455 3301 580 3349 mores.
633 3280 725 3350 Cum
748 3290 868 3352 autem
894 3283 1038 3372 quintus
1064 3281 1221 3352 decimus
1249 3283 1500 3375 transigeretur

456 3398 540 3478 dies,
561 3395 734 3467 Marcello
760 3408 889 3469 cuncta
914 3397 1046 3468 affatim
1072 3395 1315 3468 lministrante
1340 3399 1498 3490 captivis,

455 3512 589 3606 placuit
606 3515 656 3584 eis
674 3514 837 3585 omnibus
854 3515 1034 3584 remeandi
1047 3515 1090 3584 ad
1110 3514 1248 3605 propria
1265 3513 1372 3584 tribui
1390 3514 1499 3585 fecul-

455 3638 579 3710 tetem,
610 3639 736 3721 praeter
764 3653 835 3714 eos,
865 3653 953 3722 quos
984 3629 1168 3699 vulnerum
1200 3651 1283 3698 cura
1313 3630 1500 3714 retinebat,

458 3746 586 3837 quibus
609 3754 814 3838 competens
839 3747 998 3816 adhibite
1028 3744 1175 3827 medela,
1199 3746 1243 3815 sd
1269 3767 1333 3815 sue
1356 3754 1500 3816 eaetercs

456 3861 554 3930 ubire
588 3863 762 3953 praecepit.
814 3862 883 3932 Sed
918 3862 972 3932 lris
1003 3862 1166 3931 omnibus
1200 3861 1331 3951 majora
1363 3861 1500 3931 addidit

457 3974 652 4047 Marcellus
668 3980 810 4070 pietatis
825 3978 959 4062 officin;
986 4000 1066 4047 cum
1084 3975 1237 4070 plurimu
1252 3997 1405 4067 namque
1421 3999 1502 4047 suo·

456 4114 535 4162 rum
562 4115 668 4163 manu
694 4118 896 4188 progressus
921 4104 976 4164 est
1001 4095 1045 4163 ad
1072 4092 1273 4185 sepelienda
1293 4114 1440 4183 corpora
1465 4096 1501 4161 in

457 4208 583 4279 itinere
610 4220 881 4303 peremptorum,
906 4221 942 4281 et
965 4211 1084 4280 omnia
1105 4230 1320 4301 quaecunque
1343 4207 1501 4280 invenire

631 4444 765 4504 1ι(101101.
781 4449 857 4505 xviii.
1024 4444 1032 4488 ¹
1053 4447 1118 4520 [for.
1135 4447 1330 4519 ministranti]
