3900 5167
517 450 581 511 254
884 450 917 511 S.
934 448 1206 512 AUGUSTINI

517 622 629 703 dixit,
655 622 716 690 sed
739 622 800 702 ait,
819 619 1010 714 Propterea
1028 620 1240 691 deceruimus
1257 618 1438 691 haereticos
1454 619 1562 715 depti-

515 735 645 807 zurrdos
671 761 763 806 esse:
790 759 931 806 servans
957 738 1050 828 quod
1074 738 1239 830 pacificus
1257 736 1454 829 Cyprianus
1479 748 1563 809 ante

515 864 776 945 praestruxerat,
794 853 922 933 dicens,
940 851 1120 922 Neminem
1133 850 1343 945 judicantes,
1361 863 1422 923 aut
1443 877 1465 923 a
1478 855 1565 946 jure

515 968 763 1039 communionis
786 966 931 1061 aliquem
954 969 988 1037 si
1010 967 1181 1039 diuersum
1202 970 1347 1040 senserit
1362 980 1562 1041 amoventes.

515 1084 605 1155 Cum
631 1108 713 1177 ergo
732 1085 928 1153 Donatistae
951 1085 1052 1154 nobis
1078 1080 1350 1167 calumniantur,
1369 1095 1406 1154 et
1430 1109 1494 1156 nos
1511 1087 1564 1156 di-

515 1210 600 1270 cunt
618 1200 812 1281 traditorem,
831 1202 858 1269 si
877 1201 955 1292 quis
972 1201 1120 1269 exsistat
1139 1199 1196 1269 vel
1208 1198 1357 1269 Judaeus
1376 1200 1432 1269 vel
1452 1199 1564 1293 Paga·
1590 1185 1593 1192 ¹

514 1339 589 1397 uus,
608 1317 667 1407 qui
686 1315 780 1386 lecto
797 1316 865 1384 isto
884 1315 1088 1386 concilicet
1111 1338 1174 1385 nos
1191 1324 1229 1385 et
1246 1317 1348 1408 ipsos,
1366 1316 1562 1385 secundnm

514 1455 637 1501 eorum
664 1431 809 1523 regulas,
828 1432 987 1500 veritatis
1012 1430 1167 1523 appellet
1192 1431 1486 1522 praevaricatores,
1503 1455 1563 1501 ve·

513 1548 577 1618 lim
595 1551 682 1619 scire
699 1550 743 1617 ad
762 1547 828 1616 hoc
847 1557 919 1617 taur
937 1570 1044 1640 grave
1057 1549 1190 1617 crimen
1207 1546 1434 1617 refutandum
1453 1557 1561 1639 atque

515 1663 720 1735 diluendum
748 1665 925 1755 quomodo
954 1664 1055 1733 uobis
1080 1663 1217 1754 agenda
1246 1665 1292 1732 sit
1317 1684 1440 1733 caussa
1466 1687 1560 1733 com-

415 1788 418 1792 ’
513 1781 640 1850 munis.
693 1780 758 1849 Isti
784 1803 844 1848 eos
870 1779 994 1848 dicunt
1016 1779 1214 1861 traditores,
1232 1801 1320 1869 qnos
1346 1801 1462 1869 neque
1488 1780 1559 1850 ullo

514 1902 675 1986 tempore
701 1897 908 1964 convincere
934 1903 1137 1985 potuerunt,
1156 1916 1271 1984 neque
1296 1915 1391 1962 nunc
1416 1905 1560 1984 possunt

514 2009 710 2090 ostendere,
728 2020 766 2079 et
786 2010 820 2078 iu
840 2010 966 2078 eodem
990 2009 1136 2078 crimine
1164 2009 1229 2100 ipsi
1257 2030 1334 2078 esse
1361 2009 1481 2098 potius
1506 2029 1559 2076 os·

515 2126 719 2194 tenduntur.
771 2124 842 2193 Sed
861 2125 944 2214 quid
972 2126 1015 2193 ad
1041 2124 1128 2193 nos?
1168 2123 1225 2192 De
1251 2124 1327 2192 istis
1353 2131 1450 2192 certe
1477 2145 1559 2213 prae-

515 2241 765 2310 varicatoribus
791 2240 874 2331 qnid
901 2237 1083 2308 dicemus?
1122 2237 1161 2308 Si
1188 2239 1283 2307 enim
1311 2261 1386 2321 nos,
1404 2239 1559 2329 quamvis

515 2355 612 2438 falso,
630 2365 815 2448 propterea
840 2356 990 2424 dicimur
1015 2354 1208 2436 traditores,
1227 2356 1310 2445 qnia
1335 2356 1560 2424 traditoribus

515 2495 579 2541 nos
605 2473 641 2540 iu
667 2472 789 2540 eadem
816 2471 1065 2540 communione
1088 2472 1294 2540 successisse
1310 2471 1558 2552 criminantur;

515 2587 837 2678 prevaricatoribus
863 2585 931 2655 illis
957 2608 1079 2655 omnes
1105 2588 1346 2670 successimus
1368 2588 1451 2678 quia
1476 2610 1559 2656 non-

515 2702 601 2770 dum
629 2725 666 2770 se
694 2702 739 2770 ab
767 2702 903 2769 unitate
932 2701 1097 2769 diviserat
1124 2723 1202 2791 pars
1220 2700 1353 2770 Donati
1378 2701 1473 2770 beati
1492 2700 1557 2792 Cy-

498 2818 626 2909 'priani
667 2817 892 2908 temporibus.
960 2815 1046 2885 Post
1084 2817 1280 2906 passionem
1316 2819 1446 2907 qnippe
1487 2817 1558 2906 ejus

515 2935 756 3025 quadraginta,
784 2944 821 2999 ct
852 2933 943 3021 quod
976 2932 1142 3011 excurrit,
1173 2934 1272 3001 annis
1302 2935 1462 3023 peractis,
1493 2941 1558 2999 tra-

514 3052 601 3118 ditio
632 3049 789 3117 codicum
827 3049 919 3115 facta
953 3055 1017 3127 est,
1048 3048 1141 3115 uude
1177 3059 1359 3138 coepcrunt
1392 3048 1557 3138 appellari

514 3168 709 3236 traditores.
761 3164 798 3232 Si
830 3187 915 3254 crgo
946 3172 1131 3254 propterea
1158 3186 1222 3231 nos
1253 3165 1449 3244 traditores
1480 3164 1558 3254 quia

513 3306 557 3351 ex
585 3281 821 3357 traditoribus,
846 3280 937 3347 sicut
964 3280 1153 3369 opinantur
1176 3278 1231 3346 vel
1258 3280 1475 3370 confingunt,
1499 3302 1557 3348 cx·

513 3401 578 3468 orti
608 3419 748 3475 sumus;
783 3396 828 3464 ab
863 3395 931 3463 illis
966 3396 1287 3485 praevaricatoribus
1321 3397 1461 3485 utrique
1495 3397 1558 3463 ori-

512 3516 630 3606 ginem
657 3515 828 3581 ducimus.
883 3509 966 3579 Non
996 3521 1050 3580 est
1080 3511 1173 3577 eninr
1202 3511 1293 3600 quod
1322 3509 1471 3591 dicatur,
1490 3534 1557 3577 non

512 3632 562 3700 eis
589 3630 865 3698 communicasse
895 3628 1001 3707 istos;
1029 3627 1168 3717 quando
1197 3649 1277 3695 suos
1307 3625 1385 3694 illos
1412 3636 1556 3705 vocant;

513 3745 622 3836 'quod
641 3744 829 3813 concilium
849 3741 1015 3831 loquitur,
1036 3743 1129 3832 quod
1154 3744 1217 3833 ipsi
1246 3743 1401 3809 maxime
1422 3736 1557 3832 dprofe-

512 3871 613 3929 runt:
642 3858 790 3947 err'dum
809 3858 928 3938 nostre,
947 3860 1073 3946 inquit,
1087 3859 1373 3950 prevaricatores
1391 3857 1554 3937 ueritatis,

510 3972 681 4045 haereticis
698 3973 943 4070 suffrepmrtur.
997 3973 1149 4043 Accedit
1173 3984 1210 4042 et
1228 3974 1470 4043 testimonium
1490 3972 1556 4062 Cy·

511 4093 631 4181 priani,
651 4095 733 4160 satis
756 4091 1029 4160 demonstrantis
1058 4091 1150 4179 quod
1180 4091 1216 4158 in
1248 4112 1369 4157 eorum
1399 4110 1555 4156 commn-

766 4275 780 4316 d
797 4278 844 4331 sic
859 4276 948 4331 MSS.
992 4277 1031 4330 At
1046 4275 1122 4337 editi,
1134 4276 1295 4349 preferant.

897 4402 902 4422 ¹
922 4398 981 4467 [An
997 4397 1123 4469 quomodo
1135 4397 1163 4467 Ρ]
