3900 5167
811 463 1122 534 nrsruunuro.
1428 437 1489 532 1o1

440 663 517 715 non
533 642 623 714 illud
640 644 766 737 potius,
783 643 917 725 ameris,
935 643 1030 735 qnod
1053 644 1185 734 poterit
1201 644 1341 735 propria
1358 643 1494 713 virtute

441 761 586 830 vincere
612 759 764 841 leonem,
789 761 885 829 ¹siue
913 780 1004 852 pura
1034 757 1103 829 Dei
1133 760 1305 851 potentia,
1335 766 1373 830 et
1402 781 1494 830 nun·

441 897 548 969 quam
567 875 975 968 machinis'quibusdam
993 883 1031 946 et
1053 875 1164 945 fovea
1182 875 1292 957 hedo,
1310 874 1384 946 sive
1400 898 1493 970 agno

443 991 599 1062 tradito?
626 992 695 1062 Dic
712 991 798 1061 mibi
816 993 925 1062 etiam
944 990 1043 1073 illud,
1060 993 1088 1061 si
1114 992 1246 1083 pastori
1267 993 1492 1084 superveniat

442 1107 512 1189 leo,
530 1128 600 1177 uon
616 1106 760 1176 babenti
779 1128 872 1186 ores,
890 1106 977 1199 quid
995 1105 1084 1177 fieti
1112 1106 1298 1199 Ingenitne
1315 1107 1410 1176 enim
1425 1116 1492 1189 est,

442 1222 504 1313 qui
523 1222 654 1292 dicitur
669 1231 798 1314 pastor,
814 1222 996 1315 ingenitus
1013 1235 1153 1313 quoque
1170 1220 1278 1290 etiam
1297 1216 1373 1290 leo.¹
1399 1218 1492 1291 Cum
1525 1284 1527 1289 ,

442 1359 530 1431 ergo
547 1336 703 1407 nondum
723 1347 817 1407 esset
832 1336 950 1417 bomo,
971 1339 1176 1430 priusquam
1201 1347 1322 1429 pastor
1345 1336 1493 1407 baberet

441 1475 600 1547 gregem,
626 1455 655 1523 si
681 1456 939 1546 supervenisset
970 1453 1038 1537 leo,
1062 1454 1145 1546 quid
1171 1452 1289 1535 fiebat,
1314 1453 1397 1546 quia
1422 1475 1493 1523 non

443 1580 523 1639 erat
557 1567 670 1638 leonis
698 1585 779 1639 esca
811 1570 1014 1661 priusquam
1049 1568 1171 1639 boedus
1201 1568 1317 1639 esset?
1356 1568 1494 1639 Miluus

444 1703 561 1765 ulxrr,
582 1683 655 1754 Leo
679 1683 822 1776 quidem
844 1683 933 1753 nibil
959 1683 1207 1765 manducabat,
1225 1684 1416 1754 exercebat
1441 1693 1495 1754 ta·

443 1819 528 1869 men
545 1797 717 1869 malitiam
735 1821 833 1869 suam
851 1822 915 1891 per
930 1819 1149 1891 quaecunque
1168 1808 1307 1891 poterat
1323 1801 1491 1887 invenire,

443 1917 645 1988 discurrens
661 1937 725 2009 per
741 1917 892 1987 vertices
908 1918 1106 1998 montium3
1133 1916 1226 2007 quod
1251 1918 1280 1987 si
1303 1917 1493 2009 aliquando

444 2035 477 2106 ei
503 2036 613 2105 etiam
642 2053 722 2104 esea
748 2041 825 2104 erat
854 2034 1059 2115 necessaria,
1093 2033 1256 2125 capiebat
1285 2056 1331 2103 ex
1360 2033 1492 2116 bestiis,

443 2172 526 2243 quae
544 2158 645 2220 erant
670 2150 736 2221 sub
757 2172 867 2244 reguo
889 2172 964 2221 suo.
1015 2148 1242 2221 Aucnmnus
1263 2167 1378 2232 mxrr,
1398 2149 1493 2243 Ergo

444 2268 550 2337 unius
579 2276 661 2337 sunt
691 2268 900 2339 substantiae
932 2267 1066 2349 bestiae,
1097 2276 1287 2357 quaesunt
1317 2267 1353 2336 in
1383 2288 1492 2360 regno

442 2381 601 2476 maligni,
618 2389 656 2451 et
673 2381 779 2466 baedi,
798 2383 858 2474 qui
885 2382 1022 2453 suntin
1043 2403 1153 2475 regno
1171 2381 1255 2451 boni
1273 2382 1354 2452 Dei.
1408 2380 1493 2452 Ms-

441 2513 511 2568 m
537 2494 801 2581 u1x1u,Abait;
827 2519 1072 2590 nequaquam
1096 2496 1184 2566 uihil
1211 2520 1400 2569 commune
1426 2507 1492 2580 est,

438 2635 563 2706 neque
592 2613 678 2706 ipsis
706 2612 750 2683 ad
778 2613 941 2696 invicem,
968 2634 1085 2704 noque
1110 2612 1175 2695 his,
1201 2636 1279 2705 quae
1309 2636 1372 2685 sua
1398 2624 1491 2685 sunt.

437 2728 674 2801 Ancnmrm
691 2749 807 2812 mxrr,
824 2728 929 2799 Unus
943 2738 1052 2820 atque
1074 2730 1168 2800 idem
1187 2740 1242 2801 est
1258 2752 1341 2802 usus
1358 2732 1396 2801 in
1413 2753 1492 2802 esca

432 2844 567 2919 leonis.
620 2844 660 2915 Si
677 2847 772 2917 enim
791 2867 838 2916 ex
859 2845 1009 2938 propriis
1031 2845 1219 2938 aliqnando
1237 2847 1360 2917 bestiis
1377 2848 1493 2940 capie-

433 2962 505 3035 bat
522 2962 654 3044 eibum,
672 2961 860 3054 aliquando
877 2971 915 3032 et
931 2961 979 3032 de
995 2961 1050 3031 his
1071 2962 1153 3032 boni
1173 2961 1253 3044 Dei,
1270 2960 1368 3031 nulla
1384 2971 1438 3032 est
1454 2964 1492 3032 in

432 3078 496 3150 bis
515 3076 726 3160 differentia,
743 3084 914 3169 quantum
934 3077 979 3147 ad
997 3098 1094 3147 escas
1111 3078 1275 3170 pertinet,
1294 3085 1331 3147 et
1352 3099 1399 3147 ex
1424 3076 1492 3149 hoc

432 3199 592 3289 apparet
609 3193 714 3262 unius
731 3215 790 3263 eas
810 3213 886 3263 esse
912 3192 1127 3263 substantiae.
1179 3204 1195 3251 5
1202 3192 1273 3265 Sed
1299 3193 1396 3263 aliud
1422 3193 1493 3264 alio

432 3310 552 3404 longe
572 3308 712 3379 differre
737 3309 973 3403 ignorantiam
996 3309 1128 3401 pastori
1154 3308 1392 3389 adscribimus,
1409 3311 1493 3400 quia
1564 3394 1567 3400 Α

432 3446 514 3497 uon
541 3431 662 3515 aptam
686 3445 813 3505 escam,
838 3424 923 3514 quin
949 3423 1068 3515 potius
1093 3421 1244 3492 alienam
1271 3422 1413 3506 obtulit,
1433 3423 1490 3493 rel

432 3536 593 3635 projecit
619 3534 724 3607 leoni.
776 3534 855 3604 Aut
877 3535 969 3604 forte
987 3553 1106 3604 rursus
1124 3535 1343 3606 dissimulare
1360 3537 1491 3621 volens,

432 3656 542 3728 dices
560 3650 658 3733 mibi,
675 3652 759 3742 qnia
775 3649 864 3719 nihil
888 3650 944 3720 leo
960 3648 1021 3718 ille
1041 3648 1260 3719 comedebat.
1311 3647 1419 3720 Illum
1446 3674 1492 3721 ne

432 3770 564 3867 igitur,
583 3768 642 3859 qui
660 3767 845 3837 comedere
862 3767 1052 3847 nesciebat,
1069 3767 1145 3858 ipse
1167 3766 1212 3836 ad
1233 3766 1491 3838 comedendum

479 4034 497 4066 ¹
513 4023 561 4080 lta
573 4024 678 4101 corrigi
692 4025 794 4082 debere
808 4021 920 4107 videtur
932 4012 1018 4078 lectio
1033 4023 1138 4079 codicis
1149 4022 1321 4089 casinensis,
1333 4023 1379 4098 qui
1394 4023 1490 4090 habet,

432 4124 464 4179 n·
478 4130 508 4177 ct
517 4138 602 4195 pura.
625 4119 679 4176 nisi
693 4119 835 4183 malueris,
850 4120 876 4174 εἰ
889 4127 930 4175 est
939 4137 1021 4193 puro.

481 4229 498 4272 5
521 4217 616 4273 Locus
636 4218 689 4273 iste
711 4217 821 4274 videtur
842 4216 1004 4281 mendosus,
1020 4235 1072 4272 nec
1089 4217 1155 4290 quid
1175 4217 1227 4272 sibi
1247 4216 1315 4272 velit
1334 4216 1491 4272 Archelaus

432 4317 518 4373 :lare
538 4313 715 4389 intelligitur,
730 4312 782 4370 nisi
802 4313 940 4387 legamuS,
956 4312 1013 4369 Sed
1025 4312 1149 4370 uliumnb
1172 4314 1226 4369 alio
1241 4314 1361 4387 loripedi
1383 4332 1445 4369 erre
1465 4314 1491 4368 si

432 4414 573 4476 dicamas,
590 4412 768 4485 ipnornntinm
778 4412 888 4485 puriori
902 4410 1090 4467 adscribimus.
