<?xml version="1.0" encoding="UTF-8"?>
<!DOCTYPE html PUBLIC "-//W3C//DTD XHTML 1.0 Transitional//EN"
    "http://www.w3.org/TR/xhtml1/DTD/xhtml1-transitional.dtd">
<html xmlns="http://www.w3.org/1999/xhtml" xml:lang="en" lang="en">
 <head>
  <title>
</title>
<meta http-equiv="Content-Type" content="text/html;charset=utf-8" />
  <meta name='ocr-system' content='tesseract 3.04.00' />
  <meta name='ocr-capabilities' content='ocr_page ocr_carea ocr_par ocr_line ocrx_word'/>
</head>
<body>
  <div class='ocr_page' id='page_1' title='image "./reliquiaesacrae05routgoog_0096.png"; bbox 0 0 3900 5167; ppageno 0'>
   <div class='ocr_carea' id='block_1_1' title="bbox 541 444 1357 511">
    <p class='ocr_par' dir='ltr' id='par_1_1' title="bbox 541 444 1357 511">
     <span class='ocr_line' id='line_1_1' title="bbox 541 444 1357 511; baseline -0.004 0"><span class='ocrx_word' id='word_1_1' title='bbox 541 450 584 511; x_wconf 80' lang='lat'>84</span> <span class='ocrx_word' id='word_1_2' title='bbox 771 446 1022 510; x_wconf 83' lang='lat' dir='ltr'><strong>ARCHELAI</strong></span> <span class='ocrx_word' id='word_1_3' title='bbox 1047 444 1112 509; x_wconf 88' lang='grc' dir='ltr'>ΕΤ</span> <span class='ocrx_word' id='word_1_4' title='bbox 1136 444 1357 509; x_wconf 84' lang='lat' dir='ltr'>MANETIS</span> 
     </span>
    </p>
   </div>
   <div class='ocr_carea' id='block_1_2' title="bbox 499 616 1584 4182">
    <p class='ocr_par' dir='ltr' id='par_1_2' title="bbox 499 616 1584 3346">
     <span class='ocr_line' id='line_1_2' title="bbox 534 616 1581 709; baseline -0.002 -20"><span class='ocrx_word' id='word_1_5' title='bbox 534 619 689 690; x_wconf 87' lang='lat' dir='ltr'>tionibus</span> <span class='ocrx_word' id='word_1_6' title='bbox 705 618 904 690; x_wconf 82' lang='lat' dir='ltr'><strong>excludam.</strong></span> <span class='ocrx_word' id='word_1_7' title='bbox 955 616 1021 690; x_wconf 83' lang='lat' dir='ltr'>Ais</span> <span class='ocrx_word' id='word_1_8' title='bbox 1038 619 1175 690; x_wconf 87' lang='lat' dir='ltr'>fruetus</span> <span class='ocrx_word' id='word_1_9' title='bbox 1196 618 1297 690; x_wconf 86' lang='lat' dir='ltr'>malae</span> <span class='ocrx_word' id='word_1_10' title='bbox 1319 618 1455 699; x_wconf 79' lang='lat' dir='ltr'>radicis,</span> <span class='ocrx_word' id='word_1_11' title='bbox 1472 625 1581 709; x_wconf 87' lang='lat' dir='ltr'>atque</span> 
     </span>
     <span class='ocr_line' id='line_1_3' title="bbox 535 732 1584 815; baseline -0.005 -9"><span class='ocrx_word' id='word_1_12' title='bbox 535 737 635 807; x_wconf 88' lang='lat' dir='ltr'>malae</span> <span class='ocrx_word' id='word_1_13' title='bbox 665 737 797 807; x_wconf 86' lang='lat' dir='ltr'>arboris</span> <span class='ocrx_word' id='word_1_14' title='bbox 827 758 904 805; x_wconf 88' lang='lat' dir='ltr'>esse</span> <span class='ocrx_word' id='word_1_15' title='bbox 934 745 1034 805; x_wconf 88' lang='lat' dir='ltr'>actus</span> <span class='ocrx_word' id='word_1_16' title='bbox 1061 735 1257 812; x_wconf 81' lang='lat' dir='ltr'>hominum,</span> <span class='ocrx_word' id='word_1_17' title='bbox 1280 734 1317 803; x_wconf 94' lang='lat' dir='ltr'>id</span> <span class='ocrx_word' id='word_1_18' title='bbox 1342 741 1408 815; x_wconf 87' lang='lat' dir='ltr'>est,</span> <span class='ocrx_word' id='word_1_19' title='bbox 1435 732 1584 802; x_wconf 82' lang='lat' dir='ltr'>fornica·</span> 
     </span>
     <span class='ocr_line' id='line_1_4' title="bbox 534 846 1582 942; baseline -0.005 -20"><span class='ocrx_word' id='word_1_20' title='bbox 534 855 658 929; x_wconf 76' lang='lat' dir='ltr'>tiones</span> <span class='ocrx_word' id='word_1_21' title='bbox 684 850 867 932; x_wconf 91' lang='lat' dir='ltr'>adulteria,</span> <span class='ocrx_word' id='word_1_22' title='bbox 893 852 1054 942; x_wconf 84' lang='lat' dir='ltr'>perjuris,</span> <span class='ocrx_word' id='word_1_23' title='bbox 1077 850 1278 932; x_wconf 80' lang='lat' dir='ltr'>hornieidia,</span> <span class='ocrx_word' id='word_1_24' title='bbox 1303 858 1342 920; x_wconf 90' lang='lat' dir='ltr'>et</span> <span class='ocrx_word' id='word_1_25' title='bbox 1367 848 1504 941; x_wconf 89' lang='lat' dir='ltr'>reliqua</span> <span class='ocrx_word' id='word_1_26' title='bbox 1528 846 1582 918; x_wconf 87' lang='lat' dir='ltr'>his</span> 
     </span>
     <span class='ocr_line' id='line_1_5' title="bbox 531 964 1583 1058; baseline -0.003 -20"><span class='ocrx_word' id='word_1_27' title='bbox 531 967 683 1039; x_wconf 74' lang='lat' dir='ltr'>similis?</span> <span class='ocrx_word' id='word_1_28' title='bbox 715 965 852 1037; x_wconf 72' lang='lat' dir='ltr'>Maura</span> <span class='ocrx_word' id='word_1_29' title='bbox 868 986 985 1049; x_wconf 76' lang='lat' dir='ltr'>marr,</span> <span class='ocrx_word' id='word_1_30' title='bbox 1004 966 1071 1036; x_wconf 86' lang='lat' dir='ltr'>lta</span> <span class='ocrx_word' id='word_1_31' title='bbox 1106 964 1333 1037; x_wconf 72' lang='lat' dir='ltr'>Autumnus</span> <span class='ocrx_word' id='word_1_32' title='bbox 1349 984 1468 1048; x_wconf 80' lang='lat' dir='ltr'>unm,</span> <span class='ocrx_word' id='word_1_33' title='bbox 1489 964 1583 1058; x_wconf 83' lang='lat' dir='ltr'>Ergo</span> 
     </span>
     <span class='ocr_line' id='line_1_6' title="bbox 531 1080 1582 1176; baseline -0.001 -24"><span class='ocrx_word' id='word_1_34' title='bbox 531 1084 558 1152; x_wconf 90' lang='lat' dir='ltr'>si</span> <span class='ocrx_word' id='word_1_35' title='bbox 586 1083 780 1153; x_wconf 91' lang='lat' dir='ltr'>humanum</span> <span class='ocrx_word' id='word_1_36' title='bbox 803 1105 917 1176; x_wconf 83' lang='lat' dir='ltr'>genus</span> <span class='ocrx_word' id='word_1_37' title='bbox 940 1083 1084 1153; x_wconf 88' lang='lat' dir='ltr'>interire</span> <span class='ocrx_word' id='word_1_38' title='bbox 1107 1082 1307 1173; x_wconf 88' lang='lat' dir='ltr'>pervenerit</span> <span class='ocrx_word' id='word_1_39' title='bbox 1322 1103 1344 1150; x_wconf 91' lang='lat' dir='ltr'>a</span> <span class='ocrx_word' id='word_1_40' title='bbox 1361 1080 1452 1152; x_wconf 87' lang='lat' dir='ltr'>faeie</span> <span class='ocrx_word' id='word_1_41' title='bbox 1470 1089 1582 1163; x_wconf 79' lang='lat' dir='ltr'>terrae,</span> 
     </span>
     <span class='ocr_line' id='line_1_7' title="bbox 530 1196 1581 1290; baseline 0 -24"><span class='ocrx_word' id='word_1_42' title='bbox 530 1200 582 1269; x_wconf 83' lang='lat' dir='ltr'>its</span> <span class='ocrx_word' id='word_1_43' title='bbox 599 1208 639 1268; x_wconf 94' lang='lat' dir='ltr'>ut</span> <span class='ocrx_word' id='word_1_44' title='bbox 658 1198 750 1269; x_wconf 91' lang='lat' dir='ltr'>ultra</span> <span class='ocrx_word' id='word_1_45' title='bbox 768 1199 845 1289; x_wconf 87' lang='lat' dir='ltr'>jam</span> <span class='ocrx_word' id='word_1_46' title='bbox 872 1221 1019 1290; x_wconf 82' lang='lat' dir='ltr'>peecare</span> <span class='ocrx_word' id='word_1_47' title='bbox 1044 1221 1115 1267; x_wconf 90' lang='lat' dir='ltr'>non</span> <span class='ocrx_word' id='word_1_48' title='bbox 1139 1199 1282 1290; x_wconf 83' lang='lat' dir='ltr'>possint,</span> <span class='ocrx_word' id='word_1_49' title='bbox 1300 1197 1431 1289; x_wconf 84' lang='lat' dir='ltr'>periret</span> <span class='ocrx_word' id='word_1_50' title='bbox 1448 1196 1581 1268; x_wconf 87' lang='lat' dir='ltr'>arboris</span> 
     </span>
     <span class='ocr_line' id='line_1_8' title="bbox 530 1311 1582 1406; baseline 0 -23"><span class='ocrx_word' id='word_1_51' title='bbox 530 1314 633 1406; x_wconf 90' lang='lat' dir='ltr'>hujus</span> <span class='ocrx_word' id='word_1_52' title='bbox 651 1313 857 1395; x_wconf 89' lang='lat' dir='ltr'>substantia,</span> <span class='ocrx_word' id='word_1_53' title='bbox 876 1313 1033 1384; x_wconf 83' lang='lat' dir='ltr'>fructum</span> <span class='ocrx_word' id='word_1_54' title='bbox 1051 1314 1145 1384; x_wconf 91' lang='lat' dir='ltr'>ultra</span> <span class='ocrx_word' id='word_1_55' title='bbox 1161 1336 1231 1383; x_wconf 91' lang='lat' dir='ltr'>non</span> <span class='ocrx_word' id='word_1_56' title='bbox 1249 1313 1406 1384; x_wconf 82' lang='lat' dir='ltr'>afferens</span> <span class='ocrx_word' id='word_1_57' title='bbox 1442 1311 1582 1384; x_wconf 74' lang='lat' dir='ltr'>Manes</span> 
     </span>
     <span class='ocr_line' id='line_1_9' title="bbox 530 1426 1579 1519; baseline 0 -22"><span class='ocrx_word' id='word_1_58' title='bbox 530 1447 643 1511; x_wconf 79' lang='lat' dir='ltr'>mxrr,</span> <span class='ocrx_word' id='word_1_59' title='bbox 657 1426 708 1499; x_wconf 80' lang='lat' dir='ltr'>Et</span> <span class='ocrx_word' id='word_1_60' title='bbox 722 1428 872 1519; x_wconf 88' lang='lat' dir='ltr'>qnando,</span> <span class='ocrx_word' id='word_1_61' title='bbox 886 1429 981 1519; x_wconf 89' lang='lat' dir='ltr'>quod</span> <span class='ocrx_word' id='word_1_62' title='bbox 995 1428 1093 1512; x_wconf 83' lang='lat' dir='ltr'>dieis,</span> <span class='ocrx_word' id='word_1_63' title='bbox 1107 1428 1193 1499; x_wconf 74' lang='lat' dir='ltr'>fiet?</span> <span class='ocrx_word' id='word_1_64' title='bbox 1220 1426 1447 1499; x_wconf 79' lang='lat' dir='ltr'>Aacnnuaus</span> <span class='ocrx_word' id='word_1_65' title='bbox 1464 1446 1579 1509; x_wconf 80' lang='lat' dir='ltr'>nrm,</span> 
     </span>
     <span class='ocr_line' id='line_1_10' title="bbox 531 1543 1579 1635; baseline -0.002 -22"><span class='ocrx_word' id='word_1_66' title='bbox 531 1543 724 1627; x_wconf 81' lang='lat' dir='ltr'>&#39;Quoniam</span> <span class='ocrx_word' id='word_1_67' title='bbox 742 1545 836 1635; x_wconf 93' lang='lat' dir='ltr'>quod</span> <span class='ocrx_word' id='word_1_68' title='bbox 854 1544 1015 1613; x_wconf 86' lang='lat' dir='ltr'>futurum</span> <span class='ocrx_word' id='word_1_69' title='bbox 1032 1552 1086 1614; x_wconf 85' lang='lat' dir='ltr'>est</span> <span class='ocrx_word' id='word_1_70' title='bbox 1104 1544 1234 1625; x_wconf 85' lang='lat' dir='ltr'>neseio,</span> <span class='ocrx_word' id='word_1_71' title='bbox 1247 1543 1353 1614; x_wconf 91' lang='lat' dir='ltr'>homo</span> <span class='ocrx_word' id='word_1_72' title='bbox 1371 1543 1467 1613; x_wconf 89' lang='lat' dir='ltr'>enim</span> <span class='ocrx_word' id='word_1_73' title='bbox 1480 1563 1579 1623; x_wconf 87' lang='lat' dir='ltr'>sum;</span> 
     </span>
     <span class='ocr_line' id='line_1_11' title="bbox 528 1658 1579 1751; baseline 0.003 -25"><span class='ocrx_word' id='word_1_74' title='bbox 528 1668 736 1729; x_wconf 88' lang='lat' dir='ltr'>nontamen</span> <span class='ocrx_word' id='word_1_75' title='bbox 760 1681 958 1729; x_wconf 88' lang='lat' dir='ltr'>sermonem</span> <span class='ocrx_word' id='word_1_76' title='bbox 984 1660 1093 1728; x_wconf 91' lang='lat' dir='ltr'>istum</span> <span class='ocrx_word' id='word_1_77' title='bbox 1117 1658 1350 1730; x_wconf 78' lang='lat' dir='ltr'>indiscussum</span> <span class='ocrx_word' id='word_1_78' title='bbox 1370 1658 1579 1751; x_wconf 77' lang='lat' dir='ltr'>relinquam.</span> 
     </span>
     <span class='ocr_line' id='line_1_12' title="bbox 527 1772 1577 1868; baseline 0.002 -26"><span class='ocrx_word' id='word_1_79' title='bbox 527 1772 622 1856; x_wconf 88' lang='lat' dir='ltr'>Quid</span> <span class='ocrx_word' id='word_1_80' title='bbox 650 1775 736 1845; x_wconf 89' lang='lat' dir='ltr'>dicis</span> <span class='ocrx_word' id='word_1_81' title='bbox 766 1775 811 1845; x_wconf 89' lang='lat' dir='ltr'>de</span> <span class='ocrx_word' id='word_1_82' title='bbox 841 1775 996 1845; x_wconf 89' lang='lat' dir='ltr'>humano</span> <span class='ocrx_word' id='word_1_83' title='bbox 1025 1797 1166 1868; x_wconf 85' lang='lat' dir='ltr'>genere,</span> <span class='ocrx_word' id='word_1_84' title='bbox 1193 1776 1393 1868; x_wconf 80' lang='lat' dir='ltr'>ingenitum</span> <span class='ocrx_word' id='word_1_85' title='bbox 1422 1783 1577 1856; x_wconf 76' lang='lat' dir='ltr'>estant</span> 
     </span>
     <span class='ocr_line' id='line_1_13' title="bbox 526 1887 1579 1971; baseline 0.004 -14"><span class='ocrx_word' id='word_1_86' title='bbox 526 1887 686 1960; x_wconf 72' lang='lat' dir='ltr'>factura?</span> <span class='ocrx_word' id='word_1_87' title='bbox 732 1888 869 1961; x_wconf 76' lang='lat' dir='ltr'>Manus</span> <span class='ocrx_word' id='word_1_88' title='bbox 898 1909 1017 1971; x_wconf 77' lang='lat' dir='ltr'>urm,</span> <span class='ocrx_word' id='word_1_89' title='bbox 1050 1889 1205 1960; x_wconf 81' lang='lat' dir='ltr'>Faetura</span> <span class='ocrx_word' id='word_1_90' title='bbox 1236 1899 1301 1961; x_wconf 88' lang='lat' dir='ltr'>est.</span> <span class='ocrx_word' id='word_1_91' title='bbox 1353 1888 1579 1962; x_wconf 81' lang='lat' dir='ltr'>Anenumm</span> 
     </span>
     <span class='ocr_line' id='line_1_14' title="bbox 526 2004 1578 2096; baseline 0.001 -22"><span class='ocrx_word' id='word_1_92' title='bbox 526 2024 641 2088; x_wconf 84' lang='lat' dir='ltr'>mxrr,</span> <span class='ocrx_word' id='word_1_93' title='bbox 660 2005 698 2076; x_wconf 87' lang='lat' dir='ltr'>Si</span> <span class='ocrx_word' id='word_1_94' title='bbox 717 2006 853 2076; x_wconf 82' lang='lat' dir='ltr'>factura</span> <span class='ocrx_word' id='word_1_95' title='bbox 869 2014 924 2075; x_wconf 88' lang='lat' dir='ltr'>est</span> <span class='ocrx_word' id='word_1_96' title='bbox 944 2005 1062 2086; x_wconf 90' lang='lat' dir='ltr'>homo,</span> <span class='ocrx_word' id='word_1_97' title='bbox 1081 2006 1158 2096; x_wconf 89' lang='lat' dir='ltr'>quis</span> <span class='ocrx_word' id='word_1_98' title='bbox 1182 2015 1238 2075; x_wconf 89' lang='lat' dir='ltr'>est</span> <span class='ocrx_word' id='word_1_99' title='bbox 1260 2004 1435 2089; x_wconf 85' lang='lat' dir='ltr'>adulterii,</span> <span class='ocrx_word' id='word_1_100' title='bbox 1454 2016 1494 2078; x_wconf 91' lang='lat' dir='ltr'>et</span> <span class='ocrx_word' id='word_1_101' title='bbox 1509 2008 1578 2076; x_wconf 83' lang='lat' dir='ltr'>for-</span> 
     </span>
     <span class='ocr_line' id='line_1_15' title="bbox 526 2119 1575 2214; baseline 0.002 -25"><span class='ocrx_word' id='word_1_102' title='bbox 526 2121 720 2203; x_wconf 89' lang='lat' dir='ltr'>nicationis,</span> <span class='ocrx_word' id='word_1_103' title='bbox 739 2130 775 2191; x_wconf 91' lang='lat' dir='ltr'>et</span> <span class='ocrx_word' id='word_1_104' title='bbox 799 2120 1014 2211; x_wconf 85' lang='lat' dir='ltr'>reliquorum</span> <span class='ocrx_word' id='word_1_105' title='bbox 1035 2119 1160 2191; x_wconf 89' lang='lat' dir='ltr'>talium</span> <span class='ocrx_word' id='word_1_106' title='bbox 1185 2130 1295 2213; x_wconf 89' lang='lat' dir='ltr'>pater,</span> <span class='ocrx_word' id='word_1_107' title='bbox 1313 2122 1414 2214; x_wconf 87' lang='lat' dir='ltr'>eujus</span> <span class='ocrx_word' id='word_1_108' title='bbox 1438 2121 1499 2193; x_wconf 82' lang='lat' dir='ltr'>hia</span> <span class='ocrx_word' id='word_1_109' title='bbox 1523 2130 1575 2193; x_wconf 91' lang='lat' dir='ltr'>est</span> 
     </span>
     <span class='ocr_line' id='line_1_16' title="bbox 525 2235 1576 2330; baseline 0.004 -27"><span class='ocrx_word' id='word_1_110' title='bbox 525 2235 685 2306; x_wconf 75' lang='lat' dir='ltr'>fructus?</span> <span class='ocrx_word' id='word_1_111' title='bbox 713 2236 923 2326; x_wconf 86' lang='lat' dir='ltr'>Priusquam</span> <span class='ocrx_word' id='word_1_112' title='bbox 940 2236 1045 2305; x_wconf 85' lang='lat' dir='ltr'>lieret</span> <span class='ocrx_word' id='word_1_113' title='bbox 1066 2236 1185 2318; x_wconf 90' lang='lat' dir='ltr'>homo,</span> <span class='ocrx_word' id='word_1_114' title='bbox 1202 2238 1280 2328; x_wconf 91' lang='lat' dir='ltr'>quis</span> <span class='ocrx_word' id='word_1_115' title='bbox 1297 2246 1373 2308; x_wconf 90' lang='lat' dir='ltr'>erat</span> <span class='ocrx_word' id='word_1_116' title='bbox 1391 2238 1452 2330; x_wconf 93' lang='lat' dir='ltr'>qui</span> <span class='ocrx_word' id='word_1_117' title='bbox 1470 2236 1576 2308; x_wconf 87' lang='lat' dir='ltr'>forui-</span> 
     </span>
     <span class='ocr_line' id='line_1_17' title="bbox 524 2353 1574 2446; baseline 0.001 -22"><span class='ocrx_word' id='word_1_118' title='bbox 524 2363 676 2438; x_wconf 85' lang='lat' dir='ltr'>earetur,</span> <span class='ocrx_word' id='word_1_119' title='bbox 693 2364 755 2425; x_wconf 88' lang='lat' dir='ltr'>ant</span> <span class='ocrx_word' id='word_1_120' title='bbox 781 2354 1009 2433; x_wconf 87' lang='lat' dir='ltr'>adulteraret,</span> <span class='ocrx_word' id='word_1_121' title='bbox 1029 2364 1092 2423; x_wconf 90' lang='lat' dir='ltr'>aut</span> <span class='ocrx_word' id='word_1_122' title='bbox 1117 2353 1308 2431; x_wconf 82' lang='lat' dir='ltr'>homicidia</span> <span class='ocrx_word' id='word_1_123' title='bbox 1333 2354 1574 2446; x_wconf 71' lang='lat' dir='ltr'>perpetraret?</span> 
     </span>
     <span class='ocr_line' id='line_1_18' title="bbox 526 2468 1573 2561; baseline 0 -23"><span class='ocrx_word' id='word_1_124' title='bbox 526 2468 663 2540; x_wconf 73' lang='lat' dir='ltr'>Manus</span> <span class='ocrx_word' id='word_1_125' title='bbox 689 2492 809 2553; x_wconf 82' lang='lat' dir='ltr'>mxrr,</span> <span class='ocrx_word' id='word_1_126' title='bbox 828 2470 909 2541; x_wconf 83' lang='lat' dir='ltr'>Sed·</span> <span class='ocrx_word' id='word_1_127' title='bbox 924 2470 1031 2539; x_wconf 88' lang='lat' dir='ltr'>homo</span> <span class='ocrx_word' id='word_1_128' title='bbox 1054 2493 1076 2539; x_wconf 89' lang='lat' dir='ltr'>a</span> <span class='ocrx_word' id='word_1_129' title='bbox 1099 2468 1192 2539; x_wconf 86' lang='lat' dir='ltr'>mala</span> <span class='ocrx_word' id='word_1_130' title='bbox 1216 2478 1344 2540; x_wconf 91' lang='lat' dir='ltr'>natura</span> <span class='ocrx_word' id='word_1_131' title='bbox 1369 2469 1573 2561; x_wconf 80' lang='lat' dir='ltr'>plasmatus,</span> 
     </span>
     <span class='ocr_line' id='line_1_19' title="bbox 499 2585 1572 2678; baseline 0.002 -24"><span class='ocrx_word' id='word_1_132' title='bbox 499 2652 501 2655; x_wconf 85' lang='grc'><strong>,</strong></span> <span class='ocrx_word' id='word_1_133' title='bbox 522 2585 750 2656; x_wconf 87' lang='lat' dir='ltr'>manifestum</span> <span class='ocrx_word' id='word_1_134' title='bbox 770 2595 835 2665; x_wconf 81' lang='lat' dir='ltr'>est,</span> <span class='ocrx_word' id='word_1_135' title='bbox 849 2587 931 2677; x_wconf 91' lang='lat' dir='ltr'>qnia</span> <span class='ocrx_word' id='word_1_136' title='bbox 949 2586 1023 2678; x_wconf 88' lang='lat' dir='ltr'>ipse</span> <span class='ocrx_word' id='word_1_137' title='bbox 1040 2585 1087 2655; x_wconf 92' lang='lat' dir='ltr'>sit</span> <span class='ocrx_word' id='word_1_138' title='bbox 1104 2585 1249 2664; x_wconf 82' lang='lat' dir='ltr'>fruetus,</span> <span class='ocrx_word' id='word_1_139' title='bbox 1263 2585 1372 2655; x_wconf 90' lang='lat' dir='ltr'>etiam</span> <span class='ocrx_word' id='word_1_140' title='bbox 1389 2585 1418 2654; x_wconf 90' lang='lat' dir='ltr'>si</span> <span class='ocrx_word' id='word_1_141' title='bbox 1438 2594 1572 2677; x_wconf 81' lang='lat' dir='ltr'>peccet,</span> 
     </span>
     <span class='ocr_line' id='line_1_20' title="bbox 523 2700 1571 2793; baseline 0.002 -25"><span class='ocrx_word' id='word_1_142' title='bbox 523 2702 631 2769; x_wconf 87' lang='lat' dir='ltr'>etiam</span> <span class='ocrx_word' id='word_1_143' title='bbox 658 2703 686 2771; x_wconf 92' lang='lat' dir='ltr'>si</span> <span class='ocrx_word' id='word_1_144' title='bbox 720 2725 788 2771; x_wconf 91' lang='lat' dir='ltr'>non</span> <span class='ocrx_word' id='word_1_145' title='bbox 817 2710 963 2793; x_wconf 82' lang='lat' dir='ltr'>peccet:</span> <span class='ocrx_word' id='word_1_146' title='bbox 991 2701 1085 2771; x_wconf 89' lang='lat' dir='ltr'>unde</span> <span class='ocrx_word' id='word_1_147' title='bbox 1112 2700 1221 2772; x_wconf 90' lang='lat' dir='ltr'>semel</span> <span class='ocrx_word' id='word_1_148' title='bbox 1252 2700 1413 2771; x_wconf 88' lang='lat' dir='ltr'>absolute</span> <span class='ocrx_word' id='word_1_149' title='bbox 1443 2723 1571 2772; x_wconf 90' lang='lat' dir='ltr'>nomen</span> 
     </span>
     <span class='ocr_line' id='line_1_21' title="bbox 523 2814 1570 2910; baseline 0.004 -27"><span class='ocrx_word' id='word_1_150' title='bbox 523 2814 706 2885; x_wconf 88' lang='lat' dir='ltr'>hominum</span> <span class='ocrx_word' id='word_1_151' title='bbox 737 2826 775 2887; x_wconf 93' lang='lat' dir='ltr'>et</span> <span class='ocrx_word' id='word_1_152' title='bbox 804 2841 915 2910; x_wconf 84' lang='lat' dir='ltr'>genus</span> <span class='ocrx_word' id='word_1_153' title='bbox 942 2816 1014 2887; x_wconf 88' lang='lat' dir='ltr'>tale</span> <span class='ocrx_word' id='word_1_154' title='bbox 1040 2828 1103 2898; x_wconf 88' lang='lat' dir='ltr'>est,</span> <span class='ocrx_word' id='word_1_155' title='bbox 1128 2818 1267 2887; x_wconf 90' lang='lat' dir='ltr'>etiamsi</span> <span class='ocrx_word' id='word_1_156' title='bbox 1289 2818 1391 2908; x_wconf 75' lang='lat' dir='ltr'>justa</span> <span class='ocrx_word' id='word_1_157' title='bbox 1414 2819 1570 2910; x_wconf 80' lang='lat' dir='ltr'>gesserit,</span> 
     </span>
     <span class='ocr_line' id='line_1_22' title="bbox 523 2931 1569 3023; baseline 0.003 -25"><span class='ocrx_word' id='word_1_158' title='bbox 523 2940 585 2999; x_wconf 90' lang='lat' dir='ltr'>aut</span> <span class='ocrx_word' id='word_1_159' title='bbox 619 2932 758 3023; x_wconf 88' lang='lat' dir='ltr'>injusta.</span> <span class='ocrx_word' id='word_1_160' title='bbox 811 2935 1038 3003; x_wconf 77' lang='lat' dir='ltr'>Ancumsus</span> <span class='ocrx_word' id='word_1_161' title='bbox 1072 2952 1187 3014; x_wconf 81' lang='lat' dir='ltr'>mxm,</span> <span class='ocrx_word' id='word_1_162' title='bbox 1218 2933 1289 3003; x_wconf 88' lang='lat' dir='ltr'>Sed</span> <span class='ocrx_word' id='word_1_163' title='bbox 1322 2942 1360 3003; x_wconf 95' lang='lat' dir='ltr'>et</span> <span class='ocrx_word' id='word_1_164' title='bbox 1393 2931 1489 3003; x_wconf 93' lang='lat' dir='ltr'>illius</span> <span class='ocrx_word' id='word_1_165' title='bbox 1522 2933 1569 3002; x_wconf 90' lang='lat' dir='ltr'>rei</span> 
     </span>
     <span class='ocr_line' id='line_1_23' title="bbox 522 3044 1568 3139; baseline 0.004 -26"><span class='ocrx_word' id='word_1_166' title='bbox 522 3044 691 3115; x_wconf 85' lang='lat' dir='ltr'>faciamus</span> <span class='ocrx_word' id='word_1_167' title='bbox 725 3048 958 3116; x_wconf 82' lang='lat' dir='ltr'>mentionem.</span> <span class='ocrx_word' id='word_1_168' title='bbox 1018 3046 1056 3117; x_wconf 85' lang='lat' dir='ltr'>si</span> <span class='ocrx_word' id='word_1_169' title='bbox 1097 3049 1185 3139; x_wconf 89' lang='lat' dir='ltr'>ipse,</span> <span class='ocrx_word' id='word_1_170' title='bbox 1220 3058 1261 3117; x_wconf 92' lang='lat' dir='ltr'>ut</span> <span class='ocrx_word' id='word_1_171' title='bbox 1294 3049 1353 3126; x_wconf 77' lang='lat' dir='ltr'>ais</span> <span class='ocrx_word' id='word_1_172' title='bbox 1389 3048 1568 3119; x_wconf 88' lang='lat' dir='ltr'>hominem</span> 
     </span>
     <span class='ocr_line' id='line_1_24' title="bbox 521 3160 1568 3255; baseline 0.006 -27"><span class='ocrx_word' id='word_1_173' title='bbox 521 3160 607 3231; x_wconf 86' lang='lat' dir='ltr'>feeit</span> <span class='ocrx_word' id='word_1_174' title='bbox 647 3162 830 3255; x_wconf 85' lang='lat' dir='ltr'>malignus,</span> <span class='ocrx_word' id='word_1_175' title='bbox 866 3186 972 3254; x_wconf 86' lang='lat' dir='ltr'>qnare</span> <span class='ocrx_word' id='word_1_176' title='bbox 1012 3162 1182 3232; x_wconf 90' lang='lat' dir='ltr'>malitiam</span> <span class='ocrx_word' id='word_1_177' title='bbox 1223 3171 1366 3234; x_wconf 82' lang='lat' dir='ltr'>exercet</span> <span class='ocrx_word' id='word_1_178' title='bbox 1404 3165 1568 3236; x_wconf 88' lang='lat' dir='ltr'>adversus</span> 
     </span>
     <span class='ocr_line' id='line_1_25' title="bbox 522 3278 630 3346; baseline 0.009 -1"><span class='ocrx_word' id='word_1_179' title='bbox 522 3278 630 3346; x_wconf 75' lang='lat' dir='ltr'>eum?</span> 
     </span>
    </p>

    <p class='ocr_par' dir='ltr' id='par_1_3' title="bbox 516 3391 1570 4182">
     <span class='ocr_line' id='line_1_26' title="bbox 572 3391 1568 3476; baseline 0.006 -15"><span class='ocrx_word' id='word_1_180' title='bbox 572 3391 723 3463; x_wconf 90' lang='lat' dir='ltr'><strong>XVIII.</strong></span> <span class='ocrx_word' id='word_1_181' title='bbox 748 3395 905 3464; x_wconf 80' lang='lat' dir='ltr'>Jumcns</span> <span class='ocrx_word' id='word_1_182' title='bbox 923 3413 1128 3476; x_wconf 82' lang='lat' dir='ltr'>nrxnnunr,</span> <span class='ocrx_word' id='word_1_183' title='bbox 1148 3393 1230 3464; x_wconf 79' lang='lat' dir='ltr'>Hos</span> <span class='ocrx_word' id='word_1_184' title='bbox 1247 3395 1409 3467; x_wconf 90' lang='lat' dir='ltr'>volumus</span> <span class='ocrx_word' id='word_1_185' title='bbox 1435 3398 1525 3467; x_wconf 84' lang='lat' dir='ltr'>seire</span> <span class='ocrx_word' id='word_1_186' title='bbox 1549 3421 1568 3467; x_wconf 89' lang='lat' dir='ltr'>a</span> 
     </span>
     <span class='ocr_line' id='line_1_27' title="bbox 521 3504 1567 3598; baseline 0.007 -22"><span class='ocrx_word' id='word_1_187' title='bbox 521 3517 569 3589; x_wconf 85' lang='lat' dir='ltr'>te,</span> <span class='ocrx_word' id='word_1_188' title='bbox 585 3504 794 3589; x_wconf 87' lang='lat' dir='ltr'>Maniehaee,</span> <span class='ocrx_word' id='word_1_189' title='bbox 809 3509 987 3598; x_wconf 81' lang='lat' dir='ltr'>quomodo</span> <span class='ocrx_word' id='word_1_190' title='bbox 1005 3508 1106 3577; x_wconf 93' lang='lat' dir='ltr'>illum</span> <span class='ocrx_word' id='word_1_191' title='bbox 1123 3508 1302 3581; x_wconf 86' lang='lat' dir='ltr'>affirmasti</span> <span class='ocrx_word' id='word_1_192' title='bbox 1320 3509 1454 3581; x_wconf 86' lang='lat' dir='ltr'>malum</span> <span class='ocrx_word' id='word_1_193' title='bbox 1472 3513 1567 3583; x_wconf 72' lang='lat' dir='ltr'>esse?</span> 
     </span>
     <span class='ocr_line' id='line_1_28' title="bbox 521 3621 1567 3713; baseline 0.007 -24"><span class='ocrx_word' id='word_1_194' title='bbox 521 3621 644 3703; x_wconf 85' lang='lat' dir='ltr'>Exeo,</span> <span class='ocrx_word' id='word_1_195' title='bbox 659 3624 902 3713; x_wconf 86' lang='lat' dir='ltr'>quohomines</span> <span class='ocrx_word' id='word_1_196' title='bbox 920 3621 1004 3692; x_wconf 83' lang='lat' dir='ltr'>faeti</span> <span class='ocrx_word' id='word_1_197' title='bbox 1022 3632 1115 3706; x_wconf 89' lang='lat' dir='ltr'>sunt,</span> <span class='ocrx_word' id='word_1_198' title='bbox 1129 3633 1192 3693; x_wconf 89' lang='lat' dir='ltr'>aut</span> <span class='ocrx_word' id='word_1_199' title='bbox 1204 3624 1333 3695; x_wconf 76' lang='lat' dir='ltr'>antea?</span> <span class='ocrx_word' id='word_1_200' title='bbox 1360 3625 1454 3709; x_wconf 89' lang='lat' dir='ltr'>Quia</span> <span class='ocrx_word' id='word_1_201' title='bbox 1472 3629 1567 3697; x_wconf 88' lang='lat' dir='ltr'>enim</span> 
     </span>
     <span class='ocr_line' id='line_1_29' title="bbox 520 3736 1568 3829; baseline 0.007 -25"><span class='ocrx_word' id='word_1_202' title='bbox 520 3758 662 3806; x_wconf 87' lang='lat' dir='ltr'>necesse</span> <span class='ocrx_word' id='word_1_203' title='bbox 690 3745 744 3806; x_wconf 90' lang='lat' dir='ltr'>est</span> <span class='ocrx_word' id='word_1_204' title='bbox 771 3748 806 3806; x_wconf 91' lang='lat' dir='ltr'>te</span> <span class='ocrx_word' id='word_1_205' title='bbox 837 3736 983 3806; x_wconf 83' lang='lat' dir='ltr'>malitiae</span> <span class='ocrx_word' id='word_1_206' title='bbox 1014 3737 1089 3827; x_wconf 89' lang='lat' dir='ltr'>ejus</span> <span class='ocrx_word' id='word_1_207' title='bbox 1119 3760 1206 3829; x_wconf 88' lang='lat' dir='ltr'>opus</span> <span class='ocrx_word' id='word_1_208' title='bbox 1236 3739 1421 3809; x_wconf 85' lang='lat' dir='ltr'>ostendere</span> <span class='ocrx_word' id='word_1_209' title='bbox 1447 3762 1493 3809; x_wconf 84' lang='lat' dir='ltr'>ex</span> <span class='ocrx_word' id='word_1_210' title='bbox 1525 3765 1568 3811; x_wconf 89' lang='lat' dir='ltr'>eo</span> 
     </span>
     <span class='ocr_line' id='line_1_30' title="bbox 520 3851 1570 3942; baseline 0.008 -23"><span class='ocrx_word' id='word_1_211' title='bbox 520 3860 690 3942; x_wconf 91' lang='lat' dir='ltr'>tempore,</span> <span class='ocrx_word' id='word_1_212' title='bbox 717 3876 762 3921; x_wconf 87' lang='lat' dir='ltr'>ex</span> <span class='ocrx_word' id='word_1_213' title='bbox 789 3875 858 3942; x_wconf 88' lang='lat' dir='ltr'>qua</span> <span class='ocrx_word' id='word_1_214' title='bbox 889 3851 1023 3920; x_wconf 87' lang='lat' dir='ltr'>malum</span> <span class='ocrx_word' id='word_1_215' title='bbox 1049 3875 1131 3921; x_wconf 91' lang='lat' dir='ltr'>eum</span> <span class='ocrx_word' id='word_1_216' title='bbox 1158 3853 1264 3922; x_wconf 87' lang='lat' dir='ltr'>fuisse</span> <span class='ocrx_word' id='word_1_217' title='bbox 1294 3856 1426 3934; x_wconf 90' lang='lat' dir='ltr'>asseris,</span> <span class='ocrx_word' id='word_1_218' title='bbox 1451 3866 1570 3927; x_wconf 86' lang='lat' dir='ltr'>certus</span> 
     </span>
     <span class='ocr_line' id='line_1_31' title="bbox 517 3968 1568 4063; baseline 0.007 -28"><span class='ocrx_word' id='word_1_219' title='bbox 517 3976 614 4050; x_wconf 84' lang='lat' dir='ltr'>est03</span> <span class='ocrx_word' id='word_1_220' title='bbox 641 3968 724 4057; x_wconf 91' lang='lat' dir='ltr'>quia</span> <span class='ocrx_word' id='word_1_221' title='bbox 741 3991 856 4058; x_wconf 88' lang='lat' dir='ltr'>neque</span> <span class='ocrx_word' id='word_1_222' title='bbox 873 3968 1098 4060; x_wconf 85' lang='lat' dir='ltr'>cognoscitur</span> <span class='ocrx_word' id='word_1_223' title='bbox 1114 3968 1185 4036; x_wconf 86' lang='lat' dir='ltr'>vini</span> <span class='ocrx_word' id='word_1_224' title='bbox 1208 3970 1368 4060; x_wconf 81' lang='lat' dir='ltr'>qualitas,</span> <span class='ocrx_word' id='word_1_225' title='bbox 1386 3971 1451 4041; x_wconf 85' lang='lat' dir='ltr'>nisi</span> <span class='ocrx_word' id='word_1_226' title='bbox 1471 3972 1568 4063; x_wconf 79' lang='lat' dir='ltr'>pn&#39;us</span> 
     </span>
     <span class='ocr_line' id='line_1_32' title="bbox 516 4084 1568 4182; baseline 0.005 -31"><span class='ocrx_word' id='word_1_227' title='bbox 516 4084 710 4175; x_wconf 84' lang='lat' dir='ltr'>gustaverit</span> <span class='ocrx_word' id='word_1_228' title='bbox 728 4084 817 4173; x_wconf 87' lang='lat' dir='ltr'>quis,</span> <span class='ocrx_word' id='word_1_229' title='bbox 837 4085 928 4153; x_wconf 82' lang='lat' dir='ltr'>sieut</span> <span class='ocrx_word' id='word_1_230' title='bbox 946 4094 983 4152; x_wconf 89' lang='lat' dir='ltr'>et</span> <span class='ocrx_word' id='word_1_231' title='bbox 1007 4106 1053 4152; x_wconf 86' lang='lat' dir='ltr'>ex</span> <span class='ocrx_word' id='word_1_232' title='bbox 1077 4084 1194 4154; x_wconf 86' lang='lat' dir='ltr'>fnretu</span> <span class='ocrx_word' id='word_1_233' title='bbox 1222 4088 1335 4155; x_wconf 84' lang='lat' dir='ltr'>omnis</span> <span class='ocrx_word' id='word_1_234' title='bbox 1361 4087 1465 4157; x_wconf 89' lang='lat' dir='ltr'>arbor</span> <span class='ocrx_word' id='word_1_235' title='bbox 1491 4089 1568 4182; x_wconf 83' lang='lat' dir='ltr'>dig-</span> 
     </span>
    </p>
   </div>
   <div class='ocr_carea' id='block_1_3' title="bbox 516 4272 1564 4444">
    <p class='ocr_par' dir='ltr' id='par_1_4' title="bbox 516 4272 1564 4444">
     <span class='ocr_line' id='line_1_33' title="bbox 557 4272 1564 4351; baseline 0.007 -24"><span class='ocrx_word' id='word_1_236' title='bbox 557 4280 564 4302; x_wconf 92' lang='lat'>¹</span> <span class='ocrx_word' id='word_1_237' title='bbox 584 4272 664 4344; x_wconf 89' lang='lat' dir='ltr'>[For.</span> <span class='ocrx_word' id='word_1_238' title='bbox 688 4273 842 4341; x_wconf 88' lang='lat' dir='ltr'>Quonam?</span> <span class='ocrx_word' id='word_1_239' title='bbox 865 4293 915 4346; x_wconf 84' lang='lat' dir='ltr'>pro</span> <span class='ocrx_word' id='word_1_240' title='bbox 938 4274 1071 4342; x_wconf 85' lang='lat' dir='ltr'>Quonam</span> <span class='ocrx_word' id='word_1_241' title='bbox 1095 4274 1191 4330; x_wconf 87' lang='lat' dir='ltr'>istud?</span> <span class='ocrx_word' id='word_1_242' title='bbox 1214 4275 1267 4331; x_wconf 87' lang='lat' dir='ltr'>hoc</span> <span class='ocrx_word' id='word_1_243' title='bbox 1290 4284 1342 4339; x_wconf 88' lang='lat' dir='ltr'>est,</span> <span class='ocrx_word' id='word_1_244' title='bbox 1363 4295 1486 4351; x_wconf 87' lang='lat' dir='ltr'>quonam</span> <span class='ocrx_word' id='word_1_245' title='bbox 1509 4276 1564 4334; x_wconf 85' lang='lat' dir='ltr'>hec</span> 
     </span>
     <span class='ocr_line' id='line_1_34' title="bbox 516 4369 677 4444; baseline 0.006 -20"><span class='ocrx_word' id='word_1_246' title='bbox 516 4369 641 4441; x_wconf 87' lang='lat' dir='ltr'>pertinet</span> <span class='ocrx_word' id='word_1_247' title='bbox 652 4369 677 4444; x_wconf 84' lang='lat'>?]</span> 
     </span>
    </p>
   </div>
   <div class='ocr_carea' id='block_1_4' title="bbox 0 0 1954 5167">
    <p class='ocr_par' dir='ltr' id='par_1_5' title="bbox 0 0 1954 5167">
     <span class='ocr_line' id='line_1_35' title="bbox 0 0 1954 5167; baseline 0 8"><span class='ocrx_word' id='word_1_248' title='bbox 0 0 1954 5167; x_wconf 95' lang='lat' dir='ltr'> </span> 
     </span>
    </p>
   </div>
  </div>
 </body>
</html>
