3900 5167
519 440 581 503 142
738 440 993 505 ARCHELAI
1025 443 1090 506 ET
1122 443 1344 507 MANETIS

516 618 597 678 etus
613 617 651 678 et
668 610 775 692 mitis,
789 609 871 680 iidei
888 632 930 679 ae
947 609 1051 679 famae
1068 609 1168 679 bonae
1185 608 1309 692 valde;
1331 618 1368 679 et
1386 632 1470 679 oum
1483 633 1562 703 qna-

516 725 599 795 dam
617 726 674 795 die
693 725 833 808 Manes,
850 736 1064 818 congregata
1080 725 1192 808 turba,
1208 726 1509 809 'eoncionaretnu
1524 748 1563 794 ao

516 842 699 932 peregrina
733 841 903 932 quaedam,
930 849 968 910 et
997 840 1113 910 aliena
1145 864 1166 910 a
1199 848 1347 931 patema
1375 840 1564 910 traditione

486 941 659 1047 populo,
685 957 745 1047 qui
773 956 946 1037 adstabat,
972 964 1153 1038 assereret,
1179 954 1317 1025 nullum
1344 956 1491 1026 omnino
1521 978 1564 1025 ex

516 1070 571 1141 his
593 1072 793 1153 formidans,
811 1072 906 1162 quod
933 1072 1000 1143 sibi
1025 1081 1145 1163 posset
1170 1071 1361 1153 obsistere3
1389 1071 1565 1142 Diodoms

518 1186 639 1257 videns
664 1187 832 1278 pmfioere
857 1187 934 1277 ejus
958 1186 1164 1278 nequitiam,
1189 1184 1362 1257 deliberat
1387 1186 1564 1258 Archelao

515 1301 659 1372 mittere
676 1300 871 1393 epistolam,
889 1303 1134 1372 continentem
1151 1302 1237 1371 haeo.

544 1596 890 1678 ⁸ARCHELAO
922 1598 1203 1682 EPISCOPO
1233 1599 1538 1683 DIODORUS

986 1744 1026 1815 S.
1045 1744 1091 1815 D.

564 1875 646 1946 XL.
674 1875 786 1946 Scntu
808 1885 845 1945 te
869 1876 958 1957 volo,
975 1876 1237 1970 religiosissime
1261 1876 1380 1957 Pater,
1399 1882 1562 1970 quoniam

514 1988 660 2059 advenit
686 1992 829 2082 quidam
856 1992 893 2060 in
921 1990 1047 2061 diebus
1073 1991 1161 2076 istis,
1184 1992 1327 2061 nomine
1354 1991 1496 2076 Manes,
1520 1994 1563 2064 ad

515 2101 592 2172 loca
610 2113 738 2185 nostra,
757 2106 816 2196 qui
835 2106 917 2174 novi
936 2107 1141 2175 testamenti
1167 2106 1365 2175 doctrinam
1391 2128 1430 2175 se
1455 2108 1564 2177 adim-

514 2218 611 2310 plere
634 2223 820 2312 promittit.
874 2222 922 2291 Et
949 2223 1093 2313 quidem
1122 2232 1223 2292 erant
1249 2225 1411 2315 quaedam
1437 2225 1474 2294 in
1501 2224 1562 2305 his,

514 2357 592 2425 quae
622 2336 667 2405 ab
695 2359 737 2405 eo
765 2337 983 2418 dicebantur,
1010 2347 1137 2407 nostrae
1165 2338 1268 2420 fidei3
1293 2339 1454 2430 quaedam
1483 2362 1563 2409 vero

513 2448 691 2518 asserebat
715 2447 820 2542 longe
838 2450 974 2551 diversa
990 2451 1036 2520 ab
1053 2451 1107 2533 iis,
1125 2473 1202 2543 qnae
1219 2474 1241 2520 a
1258 2460 1378 2521 nostra
1394 2447 1563 2545 bpaterna

514 2562 704 2633 traditione
729 2564 960 2635 descendunt.
1013 2563 1320 2657 Interpretabatur
1345 2567 1443 2637 euim
1472 2593 1562 2661 quse·

514 2677 594 2746 dam
621 2678 745 2760 aliene,
767 2680 895 2770 quibus
921 2681 1030 2749 etiam
1057 2703 1103 2750 ex
1129 2682 1276 2772 propriis
1301 2680 1465 2765 addebat,
1485 2707 1561 2775 quae

514 2793 600 2861 mihi
619 2793 722 2863 valde
745 2796 928 2887 peregriua
950 2796 1024 2865 risa
1046 2805 1140 2877 sunt,
1159 2806 1197 2866 et
1223 2796 1339 2866 infida.
1392 2797 1463 2867 Pro
1490 2801 1562 2891 qui-

513 2908 578 2977 bus
606 2910 713 2977 etiam
739 2922 920 3001 permotus
946 2934 1024 2980 sum
1050 2913 1201 2981 scribere
1225 2911 1299 2981 haec
1319 2913 1363 2981 ad
1381 2920 1431 2995 te,
1452 2917 1562 2985 sciens

513 3023 680 3093 doctrinm
694 3034 763 3094 tuae
780 3027 977 3117 perfectum
999 3036 1035 3096 et
1053 3027 1295 3119 plenissimum
1313 3050 1466 3110 sensum,
1480 3054 1563 3122 quo-

513 3140 605 3207 niam
626 3140 736 3209 latere
755 3151 791 3209 te
809 3141 936 3211 horum
960 3141 1047 3210 nihil
1072 3151 1211 3233 potest;
1240 3151 1277 3211 et
1303 3142 1383 3213 ideo
1410 3146 1562 3217 conlisus

513 3278 589 3324 sum
617 3256 659 3324 ad
688 3256 908 3348 explananda
935 3258 1037 3326 nobis
1061 3257 1148 3338 haeo,
1168 3259 1300 3327 invidia
1317 3267 1354 3327 te
1372 3283 1444 3329 non
1464 3285 1564 3353 posse

510 3371 696 3462 prohiberi.
752 3373 923 3456 Quamvis
957 3397 1022 3443 neo
1057 3397 1123 3466 ego
1157 3374 1301 3465 quidem
1336 3375 1371 3442 in
1407 3376 1564 3449 alterum

553 3606 566 3635 Ζ
582 3594 615 3649 lu
631 3594 779 3651 Casineusi
794 3595 899 3658 codice,
915 3594 1125 3650 continuaretur.

553 3701 568 3732 ³
581 3691 715 3747 Meminit
736 3692 820 3766 hujus
843 3692 969 3766 epistolae
986 3692 1160 3766 Epiphanius
1181 3691 1209 3747 in
1230 3691 1284 3747 hnc
1303 3691 1403 3747 haeresi
1418 3710 1496 3748 num.
1518 3711 1563 3749 ιι.

512 3790 627 3862 ejusque
642 3799 850 3863 argumentum,
866 3809 924 3845 uon
939 3798 1034 3845 autem
1047 3790 1140 3852 verba,
1156 3797 1188 3844 nt
1205 3789 1335 3845 Patavina
1350 3790 1563 3862 interpretatur,

511 3886 634 3943 breviter
656 3887 750 3943 refert.
793 3888 825 3942 ln
852 3887 934 3943 titulo
959 3887 1043 3961 hujus
1065 3886 1191 3960 epistolae
1205 3906 1271 3950 vox,
1286 3886 1411 3952 sulutem,
1432 3886 1513 3943 deest
1535 3887 1564 3942 in

511 3984 607 4040 codiee
622 3984 780 4048 casinensi,
795 3986 844 4041 sed
863 3986 985 4048 literam,
1000 4004 1023 4049 a,
1039 4004 1100 4040 eam
1116 4004 1215 4041 vocem
1235 3985 1417 4047 indicantem,
1434 3996 1563 4058 repetere

511 4081 638 4155 neglexit
651 4082 790 4144 librarius,
806 4101 840 4137 eo
855 4082 931 4155 quod
945 4082 974 4137 iu
989 4082 1044 4137 fine
1060 4081 1246 4155 praecedentis
1261 4081 1339 4137 vocis
1354 4082 1469 4137 existat.

551 4174 705 4235 bVideant
730 4179 854 4234 baeretici
879 4198 962 4252 qnam
985 4179 1058 4234 clare
1080 4187 1138 4234 tum
1160 4179 1215 4243 hio,
1231 4198 1314 4252 quam
1330 4178 1402 4234 infra
1417 4178 1561 4235 Diodorus

511 4276 639 4348 antiquas
665 4274 798 4330 Ecclesiae
823 4273 988 4329 traditiones
1013 4274 1170 4357 sequendas
1199 4273 1466 4347 amplectendesquo
1495 4292 1556 4330 esse

512 4372 642 4427 declaret.
