3900 5167
814 468 1125 533 DISPUTATIO.
1430 471 1494 533 103

440 644 641 735 percepisse
666 643 947 725 demonstratum
972 652 1012 713 et
1031 643 1111 713 ideo
1134 644 1210 735 ipsa
1233 645 1382 714 veritate
1408 645 1493 715 edo·

440 767 547 829 cente
574 757 713 841 claruit,
736 758 791 828 lris
816 782 892 851 quae
916 759 962 830 ab
986 754 1164 829 Archelao
1190 758 1285 829 diota
1310 768 1401 840 sunt,
1420 760 1493 852 pal-

441 893 540 942 mam
561 894 627 942 nos
644 872 773 943 debere
789 874 960 945 conferre.
1012 874 1244 944 Arconesos
1260 894 1376 958 nrxrr,
1396 876 1494 960 Quo-

440 985 539 1055 niam
556 987 700 1078 quidem
724 989 770 1057 de
794 990 967 1070 omnibus,
986 989 1031 1060 de
1056 989 1184 1079 quibus
1209 989 1491 1083 disceptavimus,

441 1099 631 1193 prudentia
656 1101 825 1173 Judieum
860 1105 1102 1195 plenissimum
1138 1105 1328 1175 terminum
1362 1107 1491 1199 posuit,

440 1217 632 1287 tacendum
661 1227 715 1287 est
741 1219 785 1289 de
810 1218 966 1312 reliquis,
985 1228 1023 1290 et
1046 1220 1083 1290 in
1106 1228 1247 1312 tempus
1267 1220 1363 1291 aliud
1381 1243 1492 1291 reser-

441 1332 610 1402 vandum.
661 1331 764 1404 Siout
798 1335 904 1418 enim,
930 1336 979 1406 ‘si
1013 1336 1091 1427 quis
1126 1337 1297 1427 serpentis
1331 1345 1492 1407 conterat

440 1456 561 1539 eaput,
578 1448 615 1517 in
635 1448 772 1519 nullum
792 1451 867 1542 Jam
895 1450 1031 1543 reliqua
1054 1452 1207 1543 corperis
1233 1452 1307 1543 ejus
1333 1452 1492 1523 membra

439 1564 646 1658 deputanda
679 1576 786 1650 sunt;
821 1568 873 1638 ita
906 1566 1088 1638 dualitatis
1121 1569 1314 1659 quaestione
1348 1570 1490 1661 rejecta,

439 1681 535 1751 siout
560 1703 624 1772 pro
643 1681 772 1752 viribus
795 1684 1026 1766 ostendimus,
1045 1683 1180 1774 reliqua
1204 1705 1285 1773 quae
1311 1706 1375 1775 per
1399 1684 1490 1756 banc

438 1796 697 1878 asserebantur,
714 1821 797 1868 cnm
814 1799 891 1890 ipsa
906 1798 1039 1890 pariter
1055 1796 1201 1890 explosa
1217 1807 1311 1868 sunt.
1363 1797 1433 1870 Sed
1453 1801 1489 1869 in

440 1912 567 2005 ipsum,
585 1912 646 2003 qui
663 1913 775 1994 adest,
791 1925 1001 1983 assertorem
1019 1911 1144 1982 horum
1167 1913 1288 2005 paneis
1305 1913 1429 1996 diram,
1450 1926 1490 1985 nt

437 2027 607 2098 omnibus
623 2028 821 2099 innotescat
839 2031 928 2120 quis,
947 2038 985 2099 et
1005 2028 1108 2110 unde,
1127 2035 1164 2099 et
1181 2027 1294 2119 qualis
1310 2037 1384 2112 est;
1410 2031 1489 2099 dix·

439 2151 519 2214 erat
551 2143 647 2213 enim
681 2165 719 2213 se
752 2165 828 2214 esse
859 2144 1075 2214 Paraclitum
1105 2141 1218 2225 illum,
1249 2166 1355 2236 quem
1384 2144 1490 2216 Jesus

440 2258 676 2352 proficiscens,
691 2257 848 2329 humano
874 2258 996 2352 generi
1027 2258 1215 2329 missurum
1243 2279 1280 2328 se
1308 2281 1382 2329 esse
1411 2283 1489 2352 pro·

440 2375 586 2445 miseret
607 2372 651 2444 ad
671 2373 823 2445 salutem
841 2375 997 2445 fidelium
1016 2375 1222 2457 animamm,
1241 2383 1279 2444 et
1295 2397 1366 2445 nou
1384 2375 1489 2471 longe

440 2484 574 2582 bpossit
590 2489 624 2559 ei
641 2489 775 2561 Paulus
788 2514 849 2561 vas
865 2490 1050 2562 electionis
1066 2498 1104 2559 et
1123 2501 1268 2560 vocatus
1283 2488 1488 2582 Apostolus,

440 2604 536 2674 unde
566 2612 604 2674 et
629 2605 821 2696 praedieans
847 2628 965 2676 veram
994 2605 1191 2676 doctrinam
1219 2605 1366 2687 ‘aiebat
1393 2600 1490 2678 “Aut

440 2717 678 2791 documentum
699 2721 856 2815 queritis
883 2721 963 2814 ejus,
978 2721 1044 2815 qui
1070 2720 1109 2790 in
1136 2744 1187 2791 me
1212 2718 1366 2815 loquitur
1384 2719 1490 2795 Chri-

477 2948 495 2981 ·
508 2937 546 2995 In
566 2937 664 2995 codice
686 2937 835 2995 casinensi
856 2937 961 3002 deficit,
981 2937 1015 3003 ei,
1037 2943 1067 2994 et
1089 2936 1172 3011 paulo
1196 2944 1270 3011 post,
1289 2937 1431 3012 questione
1445 2956 1487 2995 rr·

436 3034 518 3102 hera,
532 3034 631 3092 habet.
673 3033 732 3093 Sed
746 3034 905 3093 necessaria
915 3034 975 3091 vira
989 3041 1033 3091 est
1047 3033 1197 3108 utrobique
1211 3033 1349 3090 correctio
1362 3042 1468 3092 nostre

474 3130 493 3176 b
508 3131 568 3190 Vel
585 3132 632 3189 hic
652 3132 788 3190 nonnulla
804 3132 915 3197 desunt,
932 3132 976 3189 vel
990 3131 1111 3188 fortasse
1126 3131 1289 3206 legendum,
1303 3139 1333 3187 ut
1347 3150 1398 3189 non
1412 3132 1490 3209 Ioppe

432 3240 497 3304 pert
511 3231 551 3287 rit
564 3230 591 3286 ei
603 3228 718 3292 Paulus.
732 3249 845 3305 nempe,
862 3238 892 3286 ut
910 3230 973 3304 ipso
991 3245 1091 3304 parum
1113 3228 1229 3286 inferior
1242 3229 1279 3286 sit
1293 3229 1395 3286 Paulus
1410 3232 1487 3305 Apo-

432 3327 538 3393 stolus,
554 3346 638 3402 qnem
652 3347 669 3385 a
682 3327 744 3385 Deo
766 3336 832 3385 onte
854 3346 885 3385 se
907 3328 943 3384 od
965 3326 1082 3383 humani
1103 3326 1216 3403 generis
1236 3326 1356 3384 salutem
1370 3327 1488 3384 missum

432 3424 524 3485 uisse
548 3424 589 3482 ait
609 3444 694 3500 supra
706 3425 819 3491 Manes,
834 3425 875 3482 ita
892 3434 989 3483 tumen
1010 3432 1042 3482 ut
1063 3425 1125 3490 sibi,
1140 3425 1216 3501 quod
1237 3424 1394 3500 perlectum
1416 3437 1487 3491 erat,

432 3532 615 3583 uenatum
627 3522 721 3581 fuerit
763 3524 838 3580 Vide
854 3542 939 3598 supra
952 3541 1013 3598 cap.
1032 3540 1043 3579 r
1048 3539 1076 3595 3.
1121 3522 1226 3596 (Velim
1247 3523 1286 3579 itu
1300 3522 1487 3597 interpretari,

432 3632 461 3681 rt
486 3620 528 3678 ad
541 3620 641 3677 Jeeum
656 3622 683 3677 ei
695 3620 842 3679 reseratur.
874 3619 940 3678 Vid.
956 3621 1029 3677 infra
1043 3640 1104 3697 cap.
1118 3638 1165 3694 34.
1208 3620 1375 3696 Censeoque
1390 3639 1486 3679 emen·

432 3718 565 3779 landum
584 3736 656 3785 esse,
671 3720 723 3775 etri
742 3736 794 3775 non
814 3719 891 3794 lotape
906 3727 971 3794 posi
992 3719 1027 3774 eit
1048 3719 1082 3783 ei,
1098 3727 1130 3775 ut
1144 3737 1229 3775 voees
1248 3736 1299 3775 non
1319 3718 1397 3794 lonpe
1411 3728 1487 3794 post,

432 3836 489 3877 roc
505 3823 562 3882 est,
576 3833 628 3871 non
641 3815 724 3872 molto
739 3825 813 3891 post,
828 3823 1008 3891 exponantur
1027 3816 1063 3873 de
1078 3814 1108 3873 S.
1125 3813 1216 3872 Paulo
1235 3815 1315 3872 brevi
1334 3825 1400 3890 post
1414 3824 1485 3872 tem-

432 3935 506 3977 »οη
528 3890 714 3990 inspiratione
739 3916 861 3990 Spiritus
886 3914 985 3973 Sancti
1012 3914 1048 3971 ad
1076 3913 1272 3971 instruendum
1301 3913 1399 3970 fideles
1427 3923 1486 3971 tam

432 4012 588 4089 „signiter
601 4011 717 4069 donato.
740 4012 827 4069 Cous.
843 4030 924 4087 capp.
943 4027 989 4088 27.
1005 4020 1034 4068 et
1046 3993 1109 4085 34.)

470 4122 487 4154 θ
504 4110 540 4166 lu
564 4108 661 4165 codice
680 4108 828 4165 casinensi
849 4117 903 4178 est,
917 4109 1022 4184 oqcbct,
1036 4108 1152 4173 librarii,
1173 4118 1204 4165 ut
1227 4107 1357 4172 arbitror,
1371 4126 1485 4173 errore;

432 4210 474 4266 ric
488 4205 566 4263 infra
579 4206 671 4279 capite
688 4223 734 4281 29.
755 4205 838 4262 Iesus
851 4207 888 4261 od
899 4206 1047 4281 discipulos
1060 4205 1158 4278 ajebat.

473 4302 635 4377 dt'ulgata
648 4302 727 4377 legit,
741 4303 787 4358 An
803 4306 1028 4377 coperimentum
1050 4303 1078 4359 in
1097 4320 1192 4377 graeco
1213 4310 1308 4358 tamen
1329 4305 1410 4356 textu
1431 4305 1484 4366 est.

432 4400 500 4457 ’πεί
