3900 5167
650 444 715 507 DE
739 439 1122 508 REBAPTISMATE
1147 442 1304 507 LIBER.
1435 446 1501 509 815

453 641 521 701 eos,
545 616 631 689 dicit
654 617 828 690 Dominus
842 615 985 713 fatiens
1009 614 1091 687 too.
1143 615 1273 710 Itaque
1302 626 1341 688 et
1369 619 1500 690 residui

452 734 649 819 hominum,
670 736 705 805 id
729 744 785 806 est
806 734 949 827 quidam
966 734 1186 817 Judaeorum,
1203 743 1242 805 et
1268 757 1389 806 omnes
1413 759 1501 830 gen-

453 858 508 922 tes
523 874 627 946 nuper
644 875 728 946 quus
751 852 942 923 invocatum
965 860 1016 922 est
1037 873 1159 921 nomen
1176 847 1333 934 Domini,
1355 862 1502 943 possunt

452 974 492 1038 et
518 991 661 1039 neeesse
690 967 823 1039 habent
853 970 1031 1061 requirere
1060 966 1279 1048 Dominum;
1314 969 1398 1058 quia
1426 970 1503 1061 ipsa

452 1084 630 1155 invocatio
654 1085 808 1154 nominis
830 1084 963 1177 praebet
986 1085 1038 1155 eis
1064 1084 1294 1166 occasionem,
1313 1083 1369 1155 vel
1392 1086 1501 1155 etiam

453 1201 606 1293 imponit
639 1201 889 1272 necessitatem
923 1200 1122 1291 requirendi
1158 1200 1364 1269 Dominum.
1408 1198 1502 1271 Cum

453 1316 581 1408 quibus
614 1319 839 1411 ¹praecipiunt
869 1318 1058 1409 scripturas
1086 1324 1235 1397 sanctas,
1262 1316 1336 1385 sive
1365 1316 1503 1387 nniver-

452 1453 518 1515 sas,
536 1434 610 1504 sive
633 1433 815 1525 quasdam,
832 1441 953 1502 tamen
976 1433 1165 1502 audentius
1182 1431 1228 1500 de
1246 1433 1395 1503 veritate
1414 1440 1503 1504 trae-

452 1556 539 1631 tare,
557 1571 661 1641 quam
686 1572 768 1620 cum
791 1548 959 1641 gentibus
987 1570 1092 1640 super
1114 1570 1201 1640 quas
1228 1570 1297 1617 non
1324 1556 1379 1619 est
1404 1548 1503 1619 invo-

452 1672 573 1735 catum
603 1688 734 1736 nomeu
756 1666 915 1748 Domini,
940 1665 976 1735 id
1004 1673 1059 1734 est
1082 1663 1214 1734 Christi
1231 1661 1318 1735 Jesu
1344 1664 1407 1735 filii
1432 1666 1502 1735 Dei

452 1782 535 1851 vivi.
561 1782 665 1852 sicuti
695 1804 761 1852 nee
791 1804 897 1874 snper
921 1780 1074 1863 Judaeos,
1101 1782 1161 1872 qui
1193 1789 1330 1852 veteres
1360 1789 1502 1854 tantum

451 1900 642 1990 scripturas
658 1899 844 1991 recipiunt.
896 1895 946 1967 Et
962 1898 1043 1967 ideo
1061 1898 1245 1989 utriusque
1266 1896 1370 1990 hujus
1392 1922 1502 1992 gene-

450 2015 500 2085 ris
516 2012 686 2097 homines,
704 2015 741 2084 id
762 2022 816 2085 est
831 2011 948 2084 Judaei
966 2024 1005 2084 et
1027 2012 1188 2107 gentiles,
1207 2011 1311 2105 plene
1335 2023 1377 2083 ut
1400 2037 1502 2107 opor-

451 2139 508 2200 tet
529 2130 714 2201 credentes
739 2132 814 2223 pari
838 2130 944 2201 modo
969 2130 1216 2223 baptizantur3
1241 2128 1398 2200 haeretiei
1418 2153 1500 2201 vero

444 2245 523 2337 jam
548 2245 717 2338 baptizati
743 2269 835 2338 aqua
859 2246 897 2315 in
922 2246 1066 2315 nomine
1083 2242 1170 2314 Jesu
1193 2241 1335 2328 Christi,
1359 2254 1500 2315 tantum

450 2361 489 2430 in
506 2360 642 2452 Spiritu
659 2369 782 2431 sancto
799 2360 1001 2452 baptizandi
1019 2366 1122 2442 sunt3
1155 2361 1224 2451 [ὀί
1241 2360 1278 2428 in
1291 2357 1316 2428 J
1318 2382 1390 2443 esu,
1406 2361 1500 2452 quod

449 2498 581 2546 nomen
606 2476 721 2546 solum
747 2477 870 2547 datum
893 2485 948 2548 est
975 2476 1042 2547 sub
1065 2474 1154 2545 coelo
1182 2476 1219 2545 iu
1245 2498 1315 2567 quo
1339 2485 1500 2568 oporteat

450 2591 565 2663 salvos
592 2592 669 2662 fieri
698 2614 773 2673 uos,
799 2593 927 2663 merito
956 2614 1052 2661 mors
1080 2588 1349 2682 contemuitur]
1403 2591 1500 2675 Quo-

450 2709 546 2778 niam
569 2708 599 2778 si
624 2708 674 2778 sie
696 2717 932 2799 perseverent,
950 2707 1037 2778 salvi
1061 2729 1230 2777 essenon
1254 2718 1401 2800 possunt
1418 2708 1501 2800 quia

450 2844 522 2893 non
548 2822 808 2914 requisiverunt
825 2824 1021 2895 Dominum
1047 2831 1126 2916 post
1152 2824 1412 2894 invocationem
1438 2846 1501 2893 no-

450 2936 557 3008 minis
571 2938 646 3029 ejus
664 2959 770 3031 super
781 2961 863 3022 eos3
889 2940 981 3010 sicut
992 2944 1032 3010 ‘et
1049 2939 1101 3009 ilii
1113 2941 1191 3030 ³qui
1210 2940 1246 3009 in
1265 2962 1325 3009 eos
1339 2939 1500 3010 Christus

450 3052 511 3143 qui
528 3051 620 3124 forte
642 3054 786 3125 eredere
808 3054 1010 3137 noluerunt,
1028 3056 1073 3126 de
1094 3055 1222 3148 quibus
1240 3053 1416 3125 Dominus
1438 3055 1498 3137 ait,

453 3163 778 3262 Caveteoequisoos
788 3169 827 3239 io
837 3192 989 3241 errorem
997 3168 1146 3241 inducat.
1161 3168 1261 3241 multi
1271 3170 1500 3241 euimoonient
1506 3189 1600 3305 {im
1633 3264 1647 3320 7

1550 3273 1573 3307 v.
1583 3269 1631 3318 4-
1649 3290 1656 3305 .

451 3281 490 3351 in
513 3284 651 3355 nomine
673 3308 747 3356 meo
768 3284 925 3370 dicentes,
943 3284 1021 3384 Epo
1036 3310 1112 3357 sum
1131 3283 1303 3369 Christus,
1322 3293 1354 3357 et
1377 3284 1500 3357 multos

451 3395 490 3467 io
519 3421 671 3471 errorem
702 3400 871 3473 inducent.
923 3399 975 3473 Et
1004 3404 1136 3472 iterum
1166 3403 1227 3484 ait,
1256 3400 1355 3473 Touo
1378 3403 1411 3473 si
1440 3404 1661 3497 quintanas„

492 3662 501 3686 ¹
515 3657 694 3732 praecipiunt]
713 3660 757 3716 An
770 3659 970 3733 exponendum
986 3667 1039 3724 est,
1049 3659 1167 3734 proripi
1179 3656 1275 3715 solet?

494 3759 503 3784 ⁸
516 3763 546 3812 et
558 3755 588 3811 in
598 3755 955 3830 Jesu——eontemnitud
968 3756 1065 3814 Verba
1076 3774 1138 3831 quae
1152 3755 1233 3812 uncis
1243 3756 1353 3822 inclusi,
1364 3758 1401 3815 ad
1414 3758 1500 3817 alium

450 3851 543 3909 locum
555 3852 724 3927 pertinuisse
738 3853 877 3911 videntur.
901 3854 987 3911 Certe
1001 3854 1093 3911 aliena
1107 3862 1182 3920 sunt,
1192 3854 1267 3912 unde
1281 3856 1357 3913 unde
1371 3856 1498 3927 advecta,

451 3949 486 4005 ub
501 3949 557 4006 isto
571 3950 643 4006 loeo.

490 4054 499 4084 ³
514 4045 561 4120 qni
575 4046 604 4101 in
618 4064 667 4102 eos
682 4044 814 4102 Christus
829 4047 876 4121 qui
890 4047 964 4104 forte
979 4049 1095 4105 credere
1110 4049 1275 4123 uoluerunt]
1298 4051 1385 4126 Angli
1399 4051 1497 4126 legen-

450 4143 517 4200 dnm
538 4162 601 4200 esse
623 4154 803 4213 monuerunt,
827 4145 874 4220 qui
894 4145 927 4201 ob
942 4145 1201 4221 pseudo-Christos,
1218 4147 1300 4222 sorte
1322 4149 1430 4205 credme
1451 4169 1498 4207 oo·

449 4239 562 4297 imunt.
586 4239 702 4296 Banuz.
747 4241 951 4315 Reponendum
976 4242 1045 4298 mihi
1069 4243 1180 4318 quidem
1201 4243 1321 4312 videtur,
1335 4247 1382 4321 qai
1404 4246 1431 4302 iu
1453 4264 1499 4303 eos

452 4336 576 4394 Christos
581 4336 663 4411 sorte
677 4339 784 4394 credere
797 4339 946 4396 voluerum.

930 4454 1011 4500 ss2
