3900 5167
824 460 1131 525 DISPUTATIO.
1441 464 1501 526 141

506 630 695 702 XXXIX.
724 630 793 701 His
817 633 947 701 auditis
973 632 1147 702 dederuut
1172 632 1319 726 gloriam
1339 633 1417 704 Deo
1438 637 1504 704 im·

451 770 625 829 mensam,
655 758 693 815 et
721 748 798 838 ipso
829 748 993 839 dignam3
1025 746 1238 818 Archelaum
1268 767 1351 818 vero
1382 750 1503 822 multis

452 865 648 935 honoribus
668 862 872 933 affecerunt.
922 862 1023 932 Tunc
1043 862 1236 934 Marcellus
1253 887 1447 958 assurgens,
1465 878 1503 937 et

453 980 586 1051 ¹¹stolus
612 1000 757 1061 exuens,
781 978 965 1049 circundat
989 977 1212 1060 Archelaum,
1236 990 1345 1072 atque
1373 982 1502 1053 osculis

453 1120 536 1167 eum
569 1096 706 1165 defixus
738 1093 975 1185 amplectitur,
1006 1104 1043 1164 et
1081 1094 1236 1167 inboeret.
1288 1097 1388 1167 Tunc
1420 1121 1501 1169 vero

453 1213 618 1295 infantes,
648 1212 709 1303 qui
739 1212 831 1279 forte
859 1221 1099 1281 convenerant
1133 1212 1235 1301 primi
1272 1212 1306 1281 in
1340 1211 1500 1294 Manem,

452 1327 597 1420 pellere,
627 1350 668 1396 ac
702 1326 846 1418 ¹fugerc
880 1334 1074 1416 ooeperunt,
1108 1347 1197 1416 quoa
1229 1328 1334 1397 turha
1365 1328 1502 1420 reliqua

452 1445 623 1525 insecuta,
656 1441 848 1512 concitavit
890 1463 927 1509 se
970 1440 1015 1509 ad
1058 1440 1298 1534 effugiendum
1343 1444 1500 1516 Manem.

453 1558 558 1643 Quod
585 1581 667 1628 cum
693 1558 899 1648 pervidisset
917 1555 1122 1637 Archelaus,
1140 1556 1277 1628 elevata
1297 1560 1331 1628 in
1355 1561 1500 1629 modum

452 1672 549 1742 tubae
573 1693 658 1741 voce
685 1693 760 1753 sua,
785 1669 1051 1741 multitudinem
1079 1671 1223 1761 cupiens
1248 1672 1422 1755 cohibere,
1440 1675 1500 1756 ait,

453 1787 610 1869 cessate,
629 1788 770 1857 Fratres
794 1786 925 1867 dilecti,
943 1808 989 1855 ne
1006 1786 1098 1856 forte
1124 1787 1172 1856 rei
1200 1789 1378 1881 sanguinis
1403 1791 1501 1862 inve-

452 1903 593 1971 niamur
614 1903 650 1971 in
675 1902 732 1970 die
749 1900 897 1991 judicii;
923 1901 1094 1992 scriptum
1112 1910 1166 1971 est
1183 1902 1278 1971 enim
1297 1901 1499 1985 dotalibus

452 2018 536 2108 quia
555 2016 713 2111 'Oportet
729 2025 760 2086 ct
776 2014 921 2087 haereses
944 2039 1016 2086 ease
1039 2017 1130 2087 inter
1146 2039 1213 2097 cos,
1231 2024 1269 2086 ut
1285 2017 1346 2111 qui
1359 2017 1501 2112 probuti

451 2142 542 2214 aunt,
560 2131 737 2229 manifesti
743 2132 837 2226 fluat
855 2133 946 2202 ister
962 2155 1031 2202 coa.
1082 2129 1135 2201 Et
1155 2131 1210 2201 his
1233 2132 1347 2214 dictis,
1366 2134 1499 2205 sedatae

451 2258 535 2319 sunt
551 2249 675 2319 turbae.
727 2249 905 2332 Quoniam
924 2269 1006 2317 vem
1033 2248 1165 2340 placuit
1185 2247 1358 2319 Marcello
1382 2251 1501 2342 dispu-

451 2367 625 2435 tationem
658 2364 749 2434 banc
783 2365 899 2455 excipi
930 2374 1039 2455 atque
1069 2364 1228 2445 describi,
1260 2366 1500 2436 contradicere

451 2504 523 2550 uon
550 2482 659 2572 potui,
680 2480 831 2550 confisus
858 2480 903 2548 de
928 2479 1149 2570 benignitate
1175 2478 1380 2571 legentium,
1404 2483 1502 2572 quod

452 2596 592 2664 veniam
627 2594 772 2674 dabunt,
803 2594 831 2662 si
866 2592 950 2684 quid
986 2593 1201 2684 imperitum,
1231 2601 1293 2662 aut
1328 2594 1498 2663 rusticum

451 2710 591 2780 sonabit
617 2711 751 2790 orati03
777 2708 844 2778 hoc
872 2710 968 2777 enim
997 2717 1136 2777 tantum
1165 2717 1231 2789 est,
1259 2709 1353 2798 quod
1380 2710 1500 2780 stude·
1544 2773 1546 2777 .

449 2848 540 2907 mua,
558 2836 599 2896 ut
622 2828 671 2896 rei
695 2836 802 2920 gesta
829 2826 986 2919 cognitio
1013 2825 1210 2895 studiosum
1237 2846 1402 2914 quenque
1428 2848 1498 2895 uon

450 2943 573 3014 lateat.
623 2942 724 3011 Tunc
747 2964 844 3035 ergo,
862 2963 942 3011 cum
967 2940 1149 3033 effugisset
1168 2940 1306 3018 Manes,
1323 2963 1498 3032 nusquam

450 3061 658 3150 eompamit.
709 3058 828 3127 Turbo
854 3080 936 3127 vero
963 3057 1123 3126 minister
1143 3054 1322 3125 Archelao
1348 3057 1500 3126 traditur

450 3199 472 3245 a
500 3174 683 3257 Marcello,
715 3196 820 3265 quem
852 3196 934 3244 cum
965 3174 1153 3243 diaconum
1181 3171 1378 3241 Archelaus
1406 3173 1499 3242 ordi·

451 3301 560 3372 naret,
578 3292 615 3359 in
634 3288 795 3359 Marcelli
816 3287 1048 3358 contubernio
1070 3288 1315 3379 perseveravit.
1369 3287 1498 3358 Manes

450 3417 571 3476 autem
589 3406 728 3498 fugiens
750 3405 894 3474 advenit
916 3406 960 3474 ad
985 3406 1161 3496 quendam
1180 3405 1297 3472 vicum
1321 3402 1426 3498 longe
1451 3404 1498 3474 ab

449 3522 537 3592 urbe
554 3522 718 3613 positum,
733 3524 792 3611 qui
810 3519 1054 3611 appellabatur
1072 3517 1231 3588 Diodori.
1274 3518 1358 3588 Erat
1376 3530 1497 3588 autem

450 3638 632 3729 presbyter
654 3636 722 3706 loci
746 3636 840 3705 illius
863 3634 1015 3715 nomine,
1034 3644 1071 3703 et
1095 3635 1169 3725 ipse
1194 3633 1403 3716 -vDiodorus,
1422 3637 1498 3726 qui·

490 3864 506 3894 ¹¹
521 3853 617 3915 Forte,
632 3853 740 3908 stolam.

443 3981 447 3988 ν
490 3960 504 3989 ¹
520 3950 634 4024 Fugere,
651 3959 679 4005 et
693 3949 818 4023 ffupere,
833 3967 894 4023 pro,
910 3947 1019 4023 fugare,
1042 3948 1069 4003 in
1092 3948 1188 4021 fugam
1211 3946 1359 4019 conjicere,
1382 3964 1433 3999 suo
1454 3945 1495 4000 lo-

451 4048 552 4120 quendi
563 4066 640 4102 more
649 4046 717 4102 dicit
726 4046 856 4119 antiquus
865 4045 1011 4119 interpres.
1025 4044 1243 4117 (Reponendum
1253 4043 1353 4097 Mones
1362 4042 1494 4113 videtur.)

489 4154 503 4196 t
519 4143 624 4199 Nescio
640 4163 695 4216 quo
710 4151 792 4216 pacto
807 4142 961 4197 Diodorum
977 4142 1052 4197 hunc
1063 4141 1215 4215 Tryphone
1226 4149 1306 4196 vocet
1322 4140 1495 4213 Epiphanius

452 4240 477 4295 iu
492 4241 544 4296 hac
560 4240 784 4295 Manichaeorum
799 4239 865 4295 haer.
881 4258 957 4293 num.
978 4256 1022 4292 11.

855 4391 861 4413 ¹
882 4404 891 4440 1
908 4386 973 4440 Cor.
990 4386 1026 4440 xi.
1046 4402 1089 4456 19·
