3900 5167
516 442 581 507 226
883 445 914 506 S,
931 442 1202 508 AUGUSTINI

517 638 658 687 carnem
683 614 867 707 sapiebant
892 618 997 697 avari,
1022 616 1250 695 fraudatores,
1278 622 1448 706 raptores,
1471 615 1564 683 inter

517 755 604 823 quos
632 730 798 824 gemebat
831 733 905 823 ipse
933 731 1139 824 Cyprianus.
1192 730 1286 814 Quid
1321 753 1407 823 ergo
1441 729 1495 799 illi
1527 731 1563 799 in

516 848 655 916 unitate
672 847 805 916 viventi
823 847 971 916 oberant
988 845 1143 916 mortuil
1174 845 1253 915 Aut
1271 847 1349 937 quis
1366 845 1465 915 dicat
1481 844 1564 935 bap-

518 966 664 1034 tismum
681 961 812 1033 Christi
838 962 933 1054 quod
958 961 1048 1032 tales
1072 963 1245 1032 haberent
1268 960 1324 1030 vel
1351 960 1489 1043 darent,
1506 984 1566 1031 eo·

518 1101 596 1148 rum
614 1078 859 1169 iniquitatibus
877 1079 984 1148 luisse
1002 1077 1196 1147 violatum?

570 1193 738 1263 Polianns
767 1217 788 1263 a
819 1193 933 1263 Mileo
967 1194 1079 1263 dixit:
1114 1191 1256 1262 Jaslum
1287 1201 1337 1262 eol
1366 1189 1563 1262 lcoerclicum

517 1305 692 1400 baptizari
709 1306 747 1375 ia
764 1305 920 1377 Ecclesia
938 1316 1087 1377 Paaaclc.

568 1421 669 1491 Nihil
699 1422 842 1514 quidem
873 1423 1013 1493 brevius
1039 1423 1107 1492 dici
1137 1423 1265 1513 potuit.
1317 1419 1389 1491 Sed
1417 1429 1506 1513 puto
1528 1431 1565 1489 et

518 1539 586 1609 hoc
611 1538 718 1607 breve
744 1547 818 1608 est:
845 1538 989 1608 lustum
1018 1548 1073 1609 est
1100 1538 1315 1631 baptismum
1336 1536 1470 1607 Christi
1496 1558 1566 1606 uon

519 1653 695 1725 exsufflari
713 1654 750 1722 in
768 1653 927 1724 Ecclesia
944 1654 1087 1724 Christi.

568 1768 776 1862 Theogenes
810 1769 855 1838 ab
891 1770 1172 1863 Hippone-regio
1207 1769 1326 1839 dixit:
1369 1767 1565 1840 Secundam

519 1892 768 1956 sacramentum
799 1884 893 1955 ‘chi
915 1886 1045 1982 praliae
1075 1882 1216 1955 calcatis
1246 1881 1338 1977 qaod
1364 1883 1565 1977 accepimus,

520 2023 625 2070 anum
644 1998 827 2094 ¹bcplismo
844 2000 936 2094 qaod
951 2011 1001 2072 cst
1017 2002 1055 2071 ia
1071 1998 1228 2073 Ecclesia
1249 2009 1368 2070 sancta
1385 1998 1565 2071 aodimus.

570 2113 696 2185 Potest
720 2123 758 2183 et
786 2138 865 2185 mea
889 2138 965 2185 esse
992 2117 1177 2186 sententia
1229 2114 1289 2185 Sic
1316 2115 1413 2183 enirn
1442 2112 1567 2183 librata

519 2237 585 2313 est,
603 2237 645 2298 ut
671 2229 757 2299 nihil
782 2229 912 2301 habeat
932 2242 1055 2302 contra
1071 2231 1268 2300 veritatem.
1319 2228 1415 2298 Nam
1442 2236 1481 2298 et
1505 2249 1567 2296 nos

518 2367 630 2414 unum
660 2344 836 2435 baptisma
863 2346 958 2438 quod
981 2355 1035 2416 est
1061 2346 1096 2414 in
1124 2344 1283 2414 Ecclesia
1310 2350 1433 2413 uncta
1458 2342 1567 2413 credi·

520 2484 609 2530 mus.
662 2459 701 2529 Si
728 2469 847 2530 autem
875 2462 1031 2543 dixisset,
1050 2461 1144 2554 quod
1170 2469 1225 2530 est
1249 2459 1286 2528 in
1311 2457 1387 2529 sola
1409 2456 1568 2528 Ecclesia

520 2585 642 2646 sancta
672 2576 865 2646 oredimus:
893 2576 1177 2668 respondendnm
1203 2584 1279 2645 erat
1308 2574 1400 2644 sicut
1431 2573 1566 2643 ceteris.

522 2689 631 2761 Nunc
649 2715 730 2761 vero
748 2692 831 2783 qnia
852 2692 901 2760 sic
919 2692 1054 2761 dictum
1072 2700 1135 2773 est,
1160 2687 1274 2761 Unam
1293 2687 1463 2782 baptisma
1480 2685 1570 2781 qaod

521 2815 569 2875 cal
592 2806 630 2874 lo
647 2804 804 2875 Ecclesia
829 2815 946 2875 sancta
970 2805 1163 2883 credimus:
1189 2814 1230 2873 ut
1257 2826 1333 2874 esse
1361 2804 1505 2895 quidem
1532 2803 1568 2871 in

523 2921 682 2990 Ecclesia
699 2931 820 2991 sancta
837 2922 1021 3001 diceretur,
1040 2922 1100 2990 sed
1119 2932 1156 2989 et
1180 2920 1262 2990 alibi
1281 2942 1445 2989 essenon
1464 2941 1569 3012 nega-

523 3049 638 3107 retur:
667 3038 849 3128 quodlibet
875 3037 936 3105 ille
962 3038 1119 3117 senserit,
1139 3046 1261 3105 contra
1283 3035 1356 3104 haec
1374 3035 1483 3105 verba
1503 3036 1569 3105 dis·

524 3162 649 3243 putare
667 3177 737 3221 non
756 3177 844 3244 opus
863 3164 927 3222 est.
974 3154 1011 3222 Si
1031 3154 1125 3222 enim
1143 3153 1187 3222 de
1205 3174 1262 3220 me
1281 3150 1419 3243 singula
1437 3173 1568 3242 quaere-

524 3278 656 3350 rentur,
685 3279 804 3337 utrum
836 3279 927 3338 esset
957 3292 1068 3337 unum
1097 3268 1295 3359 baptisma:
1321 3268 1569 3358 responderem

525 3408 634 3453 unum
653 3408 740 3454 esse.
793 3384 933 3453 Deinde
951 3387 979 3454 si
998 3386 1242 3476 interrogarer,
1254 3392 1374 3452 utrum
1393 3383 1462 3453 hoc
1480 3393 1570 3453 esset

524 3501 560 3568 in
589 3500 748 3570 Ecclesia
774 3510 913 3571 sancta:
941 3501 1187 3592 responderem
1218 3500 1285 3570 hoc
1312 3522 1399 3569 esse.
1453 3500 1570 3569 Tertio

525 3617 552 3683 si
585 3625 808 3705 quaereretur,
839 3626 958 3684 utrum
990 3617 1056 3685 hoe
1086 3616 1260 3707 baptisma
1289 3615 1491 3685 crederem:
1520 3638 1570 3683 re-

525 3732 733 3822 sponderem
761 3732 810 3801 ita
833 3755 890 3800 me
911 3734 1074 3814 credere;
1100 3756 1141 3801 ac
1167 3755 1230 3823 per
1255 3731 1322 3800 hoc
1348 3754 1460 3800 unum
1487 3731 1569 3822 bap·

567 3956 581 3998 P
597 3945 645 4001 Sic
660 3946 688 4000 in
704 3946 826 4018 antiquis
842 3944 932 4001 MSS.
948 3955 977 4000 et
991 3946 1065 4018 apud
1081 3945 1166 4019 Cypr.
1202 3947 1242 4001 At
1257 3947 1285 4001 in
1300 3946 1383 4002 editis
1399 3948 1464 4003 Aur.
1479 3955 1508 4002 et
1523 3947 1569 4002 Er.

526 4042 554 4096 ia
569 4042 695 4097 Ecclesia
712 4042 821 4097 Cli-isli.

568 4141 664 4195 ‘iVox
681 4140 735 4195 Dei
749 4159 810 4213 quae
830 4140 865 4194 ab
881 4140 929 4194 Er.
946 4148 974 4194 et
990 4139 1058 4195 Lau.
1074 4147 1214 4213 expuncta
1235 4140 1336 4207 fuerat,
1359 4140 1517 4197 restituitur
1536 4158 1569 4196 ex

527 4236 613 4292 MSS.
629 4245 657 4292 et
672 4238 736 4291 Am.

569 4383 575 4404 ¹
595 4377 777 4449 [Baptismum
793 4376 859 4431 editi
875 4384 903 4430 ot
919 4375 1008 4432 MSS.
1025 4377 1075 4432 sed
1097 4376 1237 4451 baptisma,
1260 4379 1335 4451 quod
1357 4380 1430 4436 infra
1451 4382 1569 4455 positum

528 4481 581 4535 est,
597 4491 632 4527 ex
648 4472 790 4546 Cypriano
805 4473 941 4546 reposui]
