3900 5167
524 432 568 496 12
897 427 1201 494 ARCHELAUS.

525 602 607 665 rium
629 598 803 665 obtinuisse
825 606 952 663 constat
964 623 973 675 ;
1005 620 1103 683 quare
1125 599 1151 662 si
1169 598 1265 684 juxta
1289 596 1463 661 Eusebium
1485 617 1568 661 anno

526 701 624 765 Probi
639 724 672 764 11.
692 708 726 765 et
741 701 837 785 juxta
858 702 1000 765 Leonem
1024 703 1182 785 Magnum
1201 700 1261 763 sub
1284 700 1449 764 consulatu
1472 699 1568 762 Probi

525 810 558 867 et
574 802 700 866 Paulini
720 803 882 887 patefacta
896 810 946 866 est
963 802 1216 866 Manichaeorum
1236 801 1376 877 haeresis,
1394 801 1570 865 ccccmo

526 904 588 967 dici
605 905 710 980 debet,
726 902 878 967 Archelai
893 924 964 967 cnm
981 902 1115 967 Manete
1130 902 1391 987 disputationem,
1404 924 1462 986 per
1475 924 1570 987 quam

524 1006 678 1068 universae
703 1004 842 1068 ecclesiae
866 1005 1009 1068 Manetis
1028 1025 1118 1068 error
1139 1004 1291 1081 innotuit,
1312 1004 1464 1068 accidisse
1485 1004 1571 1067 intra

525 1107 548 1168 J
550 1106 648 1169 ulium
661 1113 758 1189 atque
773 1105 983 1170 Decembrem
997 1105 1072 1170 anni
1086 1127 1239 1169 ocnxxvn.
1289 1108 1406 1170 Verum
1422 1104 1572 1169 Archelai

525 1207 627 1272 nostri
641 1208 738 1272 verba
753 1207 887 1288 benigne
902 1215 977 1271 sunt
997 1206 1250 1291 interpretum,
1265 1206 1320 1290 qui
1339 1206 1372 1269 in
1389 1228 1460 1291 cap.
1475 1206 1569 1270 xxvii.

525 1308 754 1394 disputationis
768 1329 834 1373 sum
849 1319 922 1392 post
932 1314 1092 1372 trecentos
1101 1307 1166 1371 fere
1180 1329 1282 1372 annos
1292 1329 1313 1371 a
1324 1308 1446 1372 Christi
1457 1315 1572 1382 morte,

526 1412 590 1475 imo
609 1417 683 1495 post
701 1417 862 1474 trecentos
876 1418 910 1474 et
930 1431 969 1473 eo
989 1408 1124 1493 amplius
1139 1430 1239 1472 annos
1260 1409 1303 1473 ab
1322 1409 1434 1473 eadem
1453 1408 1573 1473 Christi

527 1519 631 1577 morte
656 1512 822 1576 advenisse
846 1513 1013 1575 Manetem
1034 1511 1159 1575 asserit.
1205 1510 1398 1574 Archelaum
1419 1511 1505 1574 enim
1530 1510 1572 1574 ad

528 1614 783 1697 exaggemndam
807 1613 950 1677 Manetis
970 1612 1191 1689 stoliditatem,
1215 1613 1268 1697 qui
1290 1610 1489 1676 Paraclitum
1511 1610 1574 1695 spi-

528 1713 628 1778 ritum
641 1735 663 1777 a
677 1713 805 1778 (lhristo
825 1713 1016 1798 promissum
1038 1721 1158 1777 temere
1179 1736 1212 1777 se
1227 1736 1296 1777 esse
1313 1712 1505 1789 affirmabat,
1519 1732 1575 1775 an·

530 1837 642 1878 norum
665 1837 831 1879 nnmerum
852 1816 885 1879 in
907 1814 1133 1899 disputationis
1155 1823 1237 1878 aestu
1260 1814 1386 1879 auxisse
1407 1813 1574 1876 dicendum

530 1923 591 1992 est,
606 1923 644 1981 ut
666 1915 780 1980 clarius
801 1917 995 1994 ostenderet,
1016 1915 1118 2001 ipsum
1140 1915 1235 2001 longo
1256 1915 1337 1980 adeo
1359 1920 1432 2000 post
1454 1913 1574 1977 Christi

530 2029 667 2083 mortem
686 2026 829 2103 tempore
850 2024 1075 2102 emergentem,
1093 2017 1291 2082 Paraclitum
1305 2038 1374 2081 esse
1388 2037 1452 2080 non
1472 2038 1575 2100 posse,

533 2141 627 2204 quem
638 2119 661 2182 J
663 2142 735 2183 esus
749 2127 821 2204 post
836 2141 927 2184 sunm
942 2121 975 2182 in
990 2119 1084 2183 oaelos
1095 2140 1258 2183 ascensum
1273 2119 1355 2183 illico
1366 2140 1401 2182 se
1410 2117 1577 2202 Apostolis

532 2220 702 2285 missurum
716 2221 941 2296 affirmaverat,
953 2227 987 2284 et
1002 2241 1111 2285 revera
1126 2226 1200 2305 poet
1212 2220 1442 2305 quinquaginta
1455 2219 1497 2283 ab
1509 2220 1578 2303 ejus

533 2322 762 2387 resurrectione
773 2323 841 2386 dies
855 2323 897 2387 ab
911 2323 980 2407 ipso
991 2322 1121 2386 missum
1131 2322 1238 2398 luisse,
1250 2322 1480 2406 Apostolorum
1490 2323 1578 2386 Acta

532 2424 650 2489 diserte
665 2431 838 2489 testantur.

577 2526 641 2590 His
661 2526 700 2590 de
716 2525 866 2590 Archelai
882 2546 953 2589 cum
975 2526 1110 2589 Manete
1130 2526 1355 2611 disputationis
1376 2534 1519 2611 tempore
1540 2546 1578 2589 ac

532 2627 737 2703 versionibus,
754 2627 855 2710 deque
870 2627 1012 2711 ejusdem
1029 2627 1178 2690 Archelai
1197 2627 1366 2712 episcopali
1386 2628 1461 2691 sede
1475 2627 1579 2711 praeli·

533 2729 629 2806 batis,
644 2729 802 2813 agendum
821 2728 910 2792 nobis
931 2736 981 2791 est
1001 2728 1041 2791 de
1060 2728 1252 2811 synceritate
1274 2735 1371 2813 atque
1391 2728 1581 2812 praestantia

533 2831 674 2916 ejusdem
689 2829 805 2913 operis,
819 2851 858 2893 ac
873 2838 1029 2914 praeterea
1044 2829 1223 2906 videndum,
1240 2851 1281 2894 an
1299 2830 1405 2914 eliqua
1419 2830 1467 2893 sui
1485 2836 1581 2912 parte

535 2932 717 2996 mutilatum
737 2932 798 3002 sit;
827 2939 990 3016 postremo
1010 2931 1220 3007 indicandum,
1243 2952 1388 3016 quaenam
1410 2934 1580 3007 Actorum,

535 3056 607 3119 quae
628 3034 754 3118 integra
773 3054 856 3095 nunc
877 3032 969 3116 primi
985 3033 1116 3108 edimus,
1134 3032 1313 3117 fragmenta
1332 3032 1407 3096 olim
1426 3034 1458 3096 in
1478 3034 1581 3098 lucem

535 3135 721 3221 prodierint,
748 3141 782 3198 et
807 3156 847 3198 ex
871 3133 962 3219 cujus
990 3134 1189 3198 bibliothecae
1215 3134 1322 3198 codice
1348 3135 1446 3199 editio
1470 3145 1583 3201 nostra

536 3238 733 3323 profluxerit.
778 3236 823 3300 Et
845 3237 946 3320 primo
962 3237 1090 3320 quidem
1103 3236 1143 3299 de
1162 3245 1306 3300 actorum
1322 3236 1455 3300 istorum
1471 3260 1581 3321 synce-

534 3341 633 3404 ritate
655 3339 791 3423 suspicio
813 3339 899 3403 nulla
922 3339 998 3401 oriri
1021 3346 1147 3421 poteet3
1175 3359 1249 3401 nam
1272 3337 1471 3422 Epiphanius
1497 3360 1583 3402 anno

536 3440 653 3505 Ohristi
669 3464 827 3504 ccccxxvi.
843 3442 996 3505 adversus
1011 3440 1147 3503 haereses
1161 3439 1313 3515 scribens,
1328 3439 1448 3523 insigne
1464 3462 1503 3503 ex
1519 3442 1583 3504 dis·

540 3544 708 3625 putatione
728 3543 878 3607 Archelai
900 3544 1113 3626 fragmentum
1136 3541 1269 3625 protulit
1292 3542 1324 3604 in
1346 3541 1457 3605 haeresi
1475 3542 1583 3606 Mani-

537 3643 697 3707 chaeorum
711 3666 781 3728 cap.
794 3667 867 3707 xxv.
885 3645 969 3728 quod
989 3643 1130 3726 ejusdem
1149 3642 1231 3706 actis
1247 3664 1286 3705 ex
1302 3641 1422 3705 Latina
1440 3642 1584 3706 versione

536 3766 557 3807 a
572 3746 663 3809 nobis
683 3746 716 3808 in
736 3745 838 3809 lucem
854 3745 948 3809 editis
967 3766 1095 3828 prorsus
1110 3744 1300 3828 respondet3
1325 3765 1361 3806 ac
1382 3750 1540 3827 praeterea
1557 3744 1584 3806 si

538 3848 689 3911 Archelai
711 3848 851 3911 rationes
868 3855 966 3931 atque
987 3854 1176 3927 argumenta
1194 3868 1265 3910 cum
1280 3844 1453 3930 Epiphanii
1476 3847 1585 3909 consu·

538 3947 714 4012 tationibus
734 3949 890 4021 conferas,
910 3946 1142 4012 evidentissime
1161 3947 1340 4032 apparebit,
1356 3947 1459 4031 ipsum
1481 3947 1530 4011 ita
1553 3947 1585 4010 in

538 4048 682 4112 omnibus
704 4060 848 4114 secutum
870 4049 966 4112 luisse
990 4048 1190 4125 Archelaum,
1210 4055 1247 4111 ut
1269 4069 1371 4132 pauca
1388 4048 1428 4110 de
1451 4069 1509 4110 suo
1530 4048 1586 4112 ad-

538 4170 646 4212 versus
665 4149 807 4213 Manetis
821 4172 944 4215 errores
961 4149 1117 4214 attulerit.
1152 4150 1302 4215 Meminit
1314 4148 1412 4213 etiam
1428 4154 1585 4212 Actorum

539 4248 632 4332 hujus
653 4250 877 4335 disputationis
899 4253 1059 4328 Socrates,
1082 4253 1134 4336 qui
1155 4252 1188 4315 in
1203 4252 1368 4316 consulatu
1384 4273 1460 4313 xvu.
1483 4250 1586 4314 Theo-

540 4349 620 4413 dosii
640 4352 786 4433 junioris,
809 4354 868 4417 hoc
893 4362 953 4429 cst,
976 4377 1061 4418 anno
1091 4376 1161 4418 aerce
1190 4353 1378 4419 Christianae
1404 4374 1584 4415 omcxxxrx.
