3900 5167
816 456 1126 521 DISPUTATIO.
1454 452 1497 523 69

449 628 602 729 &nysi
626 627 792 730 τρίτος,ὁ
818 629 931 732 ἐντῷ
956 624 1106 733 μεγάλῳ
1133 626 1260 734 πλοίῳ,
1280 629 1338 705 καὶ
1360 624 1402 706 τὸ
1427 626 1497 730 ζῶν

451 760 602 853 Πνεῦμα
620 752 736 833 καὶτὸ
754 761 869 857 τεῖχος
886 760 949 832 τοῦ
966 753 1128 854 μεγάλου
1145 752 1268 855 πυρὸς,
1286 756 1345 833 καὶ
1363 750 1405 832 τδ
1424 760 1494 832 πεῖ·

450 915 516 986 χος
533 888 599 960 τοῦ
616 879 756 977 ἀνέμου,
771 883 829 959 καὶ
846 888 910 958 τοῦ
928 878 1030 981 ἀέρος
1048 883 1106 958 καὶ
1124 888 1188 958 τοῦ
1207 882 1343 975 ὕδατος,
1358 881 1416 958 καὶ
1433 887 1498 958 τοῦ

450 1007 588 1087 ἔσωθεν
605 1005 717 1109 πυρὸς
735 1013 799 1085 τοῦ
816 1003 956 1106 ζῶντος,
974 1002 1065 1108 πρὸς
1092 1004 1155 1084 τὸν
1176 1003 1302 1107 μικρὸν
1320 1009 1498 1111 φωρ-κῆρα

449 1140 621 1230 οἰκοῦσιν,
640 1132 743 1237 ἄχρις
766 1130 810 1209 ἂν
835 1129 877 1212 sd
900 1141 974 1234 πῦρ
998 1131 1240 1236 καταναλώσῃ
1268 1131 1332 1210 τὸν
1358 1131 1498 1229 κόσμον

450 1260 550 1355 ὅλον,
569 1261 607 1337 ἐν
624 1265 752 1341 ποσοῖς
770 1256 857 1338 ποτὲ
876 1257 1002 1355 ἔτεσιν,
1021 1255 1072 1336 ὧν
1096 1259 1159 1337 οῦκ
1183 1258 1315 1356 ε”μαθον
1338 1256 1404 1356 τὴν
1427 1292 1494 1337 πο-

449 1384 602 1485 odorra.
642 1387 701 1463 καὶ
727 1381 818 1481 μετὰ
841 1391 954 1469 ταῦτα
972 1382 1269 1468 ἀποκατάστασις
1295 1382 1398 1463 ἔσται
1425 1389 1498 1463 τῶν

451 1511 515 1591 δύο
540 1510 700 1617 φύσεων.
738 1516 797 1589 καὶ
825 1506 1070 1613 οῖ”Αρχοντες
1094 1507 1282 1609 οἰκήσουσι
1309 1507 1356 1588 τὰ
1379 1509 1494 1590 κατώ-

449 1672 536 1739 τερα
553 1637 643 1739 μέρη
670 1636 814 1732 ἑαυτῶν,
833 1637 853 1714 ὁ
872 1634 910 1714 δὲ
929 1632 1058 1736 Πατὴρ
1083 1633 1129 1713 τὰ
1152 1636 1320 1739 ἀνώτερα,
1339 1635 1381 1715 τὸ
1409 1636 1498 1716 ἴδιον

450 1761 662 1858 ἀπολαβόν.
709 1760 842 1861 ταύτην
859 1760 897 1840 δὲ
914 1767 1042 1841 πᾶσαν
1062 1759 1128 1859 τὴν
1146 1761 1384 1841 διδασκαλίαν
1400 1797 1494 1866 παρ·

451 1891 557 1970 ἔδωκε
585 1894 660 1972 τοῖς
677 1890 797 1990 τρισὶν
813 1888 922 1967 αὐτοῦ
939 1892 1125 1987 μαθηταῖς,
1144 1887 1317 1971 κελεύσας
1344 1890 1497 1971 ἕκαστον

451 2024 500 2102 εἰς
517 2017 697 2114 ικλίματα
713 2012 855 2094 ὁδεύειν·
885 2016 945 2092 καὶ
963 2014 984 2092 ὁ
1001 2010 1220 2111 μένἊδδας
1238 2012 1284 2094 τὰ
1301 2020 1365 2113 τῆς
1381 2018 1493 2097 Ἀνα·

452 2209 507 2265 ¹ot
535 2199 648 2286 majori
684 2198 718 2263 in
747 2197 819 2263 navi
847 2197 954 2262 vivens
995 2198 1129 2262 duorum
1182 2197 1411 2276 ‘luminarium
1461 2208 1497 2265 et

450 2286 582 2435 ¹offiirituo
601 2284 783 2359 adhibetur,
797 2291 831 2348 et
846 2303 955 2346 murus
997 2282 1160 2367 Priuoipes
1182 2282 1374 2349 habitabunt
1395 2285 1429 2349 in
1449 2285 1497 2349 iu·

453 2372 535 2435 ''us
555 2370 638 2455 ignis
658 2368 955 2454 megui,etm1nus
995 2367 1162 2432 ierioribus
1202 2369 1374 2453 uportibus
1412 2370 1495 2435 suis:

450 2456 597 2529 sentiet
617 2454 710 2532 seris,
728 2462 782 2519 'et
803 2474 904 2539 equae,
920 2459 954 2517 et
995 2452 1096 2518 Peter
1123 2460 1232 2518 eutem
1260 2454 1294 2517 in
1329 2455 1497 2539 superiori·

450 2540 611 2606 interioris
625 2540 707 2625 ignis
720 2538 792 2615 vivi,
805 2560 875 2624 quae
888 2559 954 2601 om·
994 2538 1066 2615 bus,
1080 2560 1151 2622 quae
1166 2560 1223 2603 sue
1238 2546 1313 2604 sunt
1330 2539 1494 2625 recipiens.

450 2627 504 2693 nis
525 2626 559 2690 in
584 2626 660 2690 luno
681 2624 883 2699 habitabunt,
903 2646 954 2687 us·
995 2623 1079 2688 Haeo
1114 2631 1164 2687 est
1200 2624 1301 2689 omnis
1339 2625 1496 2703 doctrine,

451 2734 576 2797 quequo
590 2719 696 2776 totum
706 2708 859 2774 mundum
872 2708 953 2793 ignis
994 2730 1089 2795 quem
1114 2709 1249 2775 tradidit
1275 2711 1380 2775 tn'bus
1404 2710 1497 2776 disei-

451 2799 620 2862 sbsumot:
657 2796 692 2860 in
728 2802 808 2880 quot
843 2801 952 2858 eutem
994 2794 1076 2879 pulis
1105 2793 1179 2873 suis,
1200 2801 1234 2859 et
1259 2795 1356 2881 jussit
1379 2818 1433 2861 eos
1461 2796 1495 2861 in

450 2883 550 2959 annis,
571 2902 735 2945 numerum
757 2901 822 2944 non
846 2878 952 2943 didici.
993 2887 1060 2944 tros
1092 2879 1202 2943 mundi
1231 2880 1367 2966 ¹plagas
1402 2880 1496 2967 profi-

452 2968 495 3034 Et
516 2976 591 3053 post
612 2967 681 3031 haeo
701 2964 865 3030 restitutio
891 2964 953 3028 erit
994 2963 1078 3029 oisoi.
1121 2965 1239 3030 YAdde
1267 2974 1376 3051 partes
1404 2966 1497 3033 sorti-

490 3141 503 3171 ¹
517 3128 618 3187 Codex
632 3126 805 3192 casinensis,
820 3127 922 3199 majore
935 3127 1007 3184 novi.
1042 3125 1209 3202 Legeudum
1230 3136 1334 3193 autem,
1349 3129 1448 3202 majori
1468 3128 1496 3185 in

451 3227 523 3283 soei.
555 3224 650 3282 Groeoi
661 3223 735 3281 euim
750 3231 846 3280 textus
861 3223 935 3298 apud
949 3222 1140 3298 Epiphaniam
1153 3222 1200 3281 hic
1214 3233 1258 3281 est
1272 3243 1380 3281 sensus.

489 3331 502 3364 ⁸
516 3320 617 3378 Codex
631 3318 789 3384 Bobiensis,
803 3329 830 3375 et
843 3338 918 3395 oque
931 3319 1071 3376 interioris
1084 3318 1154 3393 ionis
1171 3320 1320 3396 vivensque.
1355 3318 1494 3378 Cusinen·

451 3420 497 3486 sis,
511 3437 595 3494 eaque
607 3417 746 3474 interioris
758 3418 823 3474 vivi.
845 3416 909 3473 Nos
921 3436 957 3473 ex
971 3435 1067 3492 graeco
1081 3424 1162 3473 textu
1175 3416 1295 3474 latinum
1310 3418 1494 3477 correximus.

489 3522 498 3555 ¹
510 3516 612 3573 Codex
622 3514 794 3579 casinensis,
809 3513 1023 3571 luminariorum.
1049 3513 1150 3571 Graecs
1164 3522 1276 3579 sonant,
1290 3516 1403 3571 αιιαννπ
1416 3524 1494 3573 nats·

452 3632 554 3670 rorum.

488 3720 507 3752 ¹¹
521 3709 578 3766 Hic
590 3708 691 3765 lacuna
704 3715 748 3764 est
761 3707 790 3763 in
804 3705 901 3762 codice
915 3705 1060 3775 Bobieusi,
1075 3706 1104 3762 iu
1121 3726 1177 3781 quo
1190 3708 1276 3765 etism
1293 3709 1416 3784 recipies,
1431 3728 1494 3783 per·

452 3826 547 3881 peram
559 3803 676 3880 legitur.

488 3916 502 3943 ¹
519 3905 595 3962 Hinc
608 3912 689 3980 patet
701 3910 778 3960 reete
792 3901 936 3958 Petevium
947 3900 978 3956 in
992 3919 1087 3976 graeeo
1100 3902 1185 3977 hujus
1198 3902 1254 3959 looi
1271 3910 1353 3960 textu
1366 3923 1418 3978 pro
1431 3904 1495 3976 κλή-

451 4026 523 4071 ματα,
538 4010 570 4059 ut
583 4020 730 4077 perperam
741 4000 846 4074 legitur
860 3997 890 4054 in
904 3997 1059 4055 Basileensi
1071 3999 1221 4075 Epiphanii
1232 4018 1349 4075 operum
1361 3999 1494 4067 editione,

454 4099 628 4156 substituisse
642 4100 764 4169 κλίματα.

488 4206 502 4244 5
516 4196 616 4254 Codex
630 4195 789 4259 Bobiensis,
803 4212 837 4249 es
849 4191 944 4267 quibus
957 4193 1046 4249 Addo.
1084 4192 1228 4250 Caeterum
1243 4213 1278 4251 ex
1294 4194 1392 4250 codice
1407 4193 1493 4250 Bobi-

455 4292 519 4355 ensi,
534 4301 562 4350 et
577 4292 736 4368 Epiphanio
751 4289 935 4348 Cesinensem
956 4289 1158 4363 supplevimus,
1173 4292 1201 4347 in
1217 4310 1273 4364 quo
1287 4290 1365 4347 nulle
1377 4288 1494 4346 Thomae

458 4390 566 4446 mentio.
