3900 5167
523 438 587 501 222
889 437 920 498 S.
938 435 1209 500 AUGUSTINI

522 608 803 680 eorundotionem.
842 610 919 699 quia
947 609 1013 678 hoc
1040 608 1243 702 negaverit?
1286 604 1335 677 Et
1353 617 1474 678 tamen
1498 632 1563 677 non

523 727 635 798 solum
666 726 879 816 quicumque
908 749 927 793 a
958 725 1087 795 talibus
1117 726 1213 794 intus
1242 723 1479 815 baptizantur,
1507 725 1564 794 sed

523 844 631 912 etiam
667 843 725 933 qui
762 840 849 911 tales
884 864 953 910 non
983 842 1112 910 mutati
1145 840 1378 931 baptizantur,
1411 840 1565 930 quamvis

523 959 637 1028 adhuc
655 958 900 1051 purgationem
918 957 1071 1028 debeant
1088 965 1129 1027 ut
1146 963 1339 1037 mutentur,
1358 979 1432 1026 non
1449 964 1565 1025 tamen

523 1074 674 1166 amplius
697 1098 778 1143 eum
801 1076 929 1143 mutati
948 1074 1079 1144 fuerint
1102 1073 1334 1165 baptizantur.
1385 1072 1502 1140 Tanta
1517 1072 1567 1139 vis

523 1198 577 1258 est
602 1190 638 1258 in
664 1199 883 1259 sacramento
909 1189 1076 1281 simplicis
1101 1188 1275 1280 baptismi,
1293 1196 1335 1256 ut
1358 1209 1441 1255 cum
1461 1187 1567 1255 fatea-

523 1327 603 1373 mur
631 1305 783 1395 aliquem
812 1305 1029 1396 baptizatum
1060 1313 1097 1373 et
1127 1304 1241 1374 adhuc
1271 1302 1364 1372 male
1388 1303 1565 1371 viventem

524 1420 653 1489 debere
670 1422 840 1503 mundari,
860 1432 1019 1490 vetemus
1036 1430 1154 1490 tamen
1174 1419 1319 1489 ulterius
1336 1419 1519 1510 baptizari.

574 1535 743 1606 Crescens
760 1562 781 1606 a
798 1537 897 1607 Cirta
922 1538 1032 1606 dixit:
1059 1534 1106 1606 In
1124 1544 1217 1605 tanto
1233 1543 1321 1605 coetn
1338 1534 1567 1603 sanctissimo·

523 1673 601 1717 ram
620 1649 894 1719 comacerdotum
911 1647 1005 1719 lectis
1021 1647 1145 1719 litteris
1164 1647 1339 1743 Cypriani
1356 1646 1567 1718 dilectissimi

524 1766 636 1835 nostri
665 1765 712 1834 od
736 1764 962 1844 anaianum,
994 1765 1138 1858 itemque
1171 1764 1219 1834 ad
1242 1761 1467 1857 Stephanum,
1493 1787 1567 1858 quc

525 1889 657 1950 tontum
689 1882 727 1950 in
756 1906 791 1951 se
820 1881 1115 1951 sanctissimorum
1149 1904 1193 1949 ee
1225 1880 1409 1973 scripturis
1440 1879 1566 1973 deificis

525 1993 821 2068 ¹‘descendentium
857 1996 1127 2066 testimonimum
1162 1996 1344 2078 continent,
1378 2005 1416 2065 nt
1450 1996 1567 2065 merito

525 2136 639 2184 omncs
658 2137 724 2207 per
739 2112 811 2182 Dei
829 2114 981 2209 ⁸aridium
1006 2111 1151 2182 adunati
1167 2114 1355 2182 consentire
1372 2111 1565 2183 debeamus:

525 2253 641 2300 censeo
664 2252 723 2325 epo
746 2252 860 2299 omnes
884 2226 1063 2298 hereticos
1087 2228 1158 2298 siae
1181 2226 1426 2310 schismaticos,
1445 2229 1504 2322 qni
1526 2226 1568 2297 ad

526 2343 725 2415 catholicam
748 2344 937 2415 Ecclesiam
967 2345 1082 2414 uenire
1111 2343 1287 2425 notrmrint,
1313 2368 1383 2414 non
1413 2354 1492 2415 anm
1519 2345 1568 2412 in-

522 2462 624 2557 predi
644 2462 715 2531 nisi
732 2461 922 2531 eaorcieoti
939 2469 970 2529 et
987 2458 1153 2552 baptizoti
1163 2458 1326 2554 fuerint;
1352 2460 1502 2554 exceptis
1517 2457 1568 2528 his

526 2578 685 2670 conequi
708 2579 745 2646 in
763 2575 918 2647 Ecclesia
944 2573 1111 2646 catholica
1125 2573 1266 2669 suerint
1292 2585 1370 2646 ante
1394 2575 1567 2671 baptizati,

527 2692 576 2762 ita
597 2702 707 2762 tamen
734 2702 771 2762 nt
791 2716 856 2785 per
874 2716 995 2761 marens
1014 2692 1262 2785 impositionem
1281 2693 1318 2760 in
1334 2693 1567 2784 penitentiam

526 2807 691 2878 Ecclesia
707 2807 979 2878 reconcilientur.

578 2925 648 2994 Hic
674 2925 904 2993 admonemur
930 2926 1056 2993 iterum
1085 2946 1254 3014 quaerere,
1272 2947 1334 2992 cur
1354 2925 1495 3007 dixerit,
1514 2948 1568 2993 er-

526 3043 629 3134 ceptis
655 3041 709 3110 tris
734 3065 816 3110 sanc
837 3042 897 3133 qni
923 3041 959 3107 in
977 3038 1133 3108 Ecclesia
1157 3038 1321 3109 catholica
1335 3039 1480 3133 suerint
1496 3050 1569 3109 crate

525 3157 722 3251 baptizoti?
762 3156 817 3226 An
841 3159 922 3247 quia
949 3180 1016 3224 non
1042 3158 1231 3225 amiserant
1249 3157 1342 3246 quod
1361 3158 1459 3226 intus
1476 3179 1569 3227 acce

526 3275 673 3364 perant?
702 3273 795 3365 Ergo
814 3274 907 3361 quod
926 3273 1055 3341 habere
1075 3273 1156 3340 foris
1174 3280 1346 3362 poterant,
1366 3295 1429 3340 cur
1447 3295 1518 3340 non
1535 3282 1569 3339 et

526 3390 663 3457 tradere
693 3388 879 3479 poterant?
924 3387 983 3456 An
1014 3388 1137 3456 illicite
1168 3388 1249 3457 foris
1281 3387 1456 3456 tradituri
1501 3387 1568 3456 Sed

526 3528 639 3595 neque
670 3505 766 3573 licite
797 3506 880 3572 foris
911 3504 1069 3583 habetur,
1101 3513 1138 3572 et
1166 3512 1285 3571 tamen
1316 3502 1485 3572 habetur:
1523 3505 1568 3571 sic

525 3620 648 3689 illicite
674 3622 756 3690 foris
783 3623 896 3701 datur,
919 3622 979 3690 sed
1007 3630 1126 3689 tamen
1154 3621 1266 3688 datur.
1319 3619 1424 3701 Quod
1452 3629 1568 3688 autem

527 3747 709 3825 praestatur
733 3738 894 3805 redeunti
921 3737 981 3825 qui
1009 3737 1104 3803 intus
1131 3745 1325 3825 acceperat,
1344 3734 1410 3802 hoc
1431 3743 1568 3826 praesta-

526 3863 584 3920 tur
614 3854 767 3926 venienti
800 3854 858 3941 qui
891 3851 972 3919 foris
1004 3860 1205 3941 acceperat3
1244 3849 1279 3916 id
1310 3858 1375 3928 est,
1406 3860 1446 3917 ut
1477 3849 1569 3918 licite

567 4080 582 4122 k
608 4083 789 4156 Antiquiores
819 4083 905 4137 MSS.
934 4082 1079 4145 omittunt,
1108 4080 1318 4135 descendentium
1351 4080 1567 4134 testimoniorum.

527 4180 623 4235 Plures
647 4180 693 4234 ulii
719 4181 832 4244 habent,
855 4179 1084 4241 testimoniorum
1107 4178 1156 4233 sed
1179 4197 1242 4233 cum
1267 4179 1330 4231 Am.
1354 4186 1383 4232 et
1406 4178 1453 4233 Er.
1476 4185 1568 4232 carent

527 4277 622 4340 verbu,
633 4278 851 4333 descendentium.
876 4275 1034 4346 (Omittunt
1044 4293 1127 4330 voces
1137 4275 1348 4329 descendentium
1359 4275 1567 4329 testimoniorum

528 4372 581 4427 mei
596 4373 730 4441 codices.)
