3900 5167
381 418 447 484 ²68
750 421 782 482 S.
798 419 1071 483 AUGUSTlNl

382 599 475 673 sunt,
505 614 576 661 non
605 612 690 685 ergo
719 593 900 683 pertinent
933 589 978 661 ad
1011 591 1245 682 sposteriores
1279 589 1432 659 facinora

382 707 549 796 priorum,
585 707 745 795 quamvis
783 729 829 775 ex
864 705 989 775 eadem
1024 704 1278 776 communione
1309 724 1432 795 props-

382 829 493 913 gatos.
550 821 624 891 Cur
656 844 740 914 ergo
773 822 875 891 nobis
909 821 1097 889 traditores
1131 819 1314 910 objiciunt,
1346 839 1431 907 quos

383 958 453 1005 non
481 937 721 1018 convicerunt,
747 946 785 1005 et
812 936 877 1005 sibi
904 933 1037 1004 Judam
1065 956 1136 1001 non
1164 933 1349 1022 objiciunt,
1374 932 1429 1000 coi

382 1049 579 1141 Cyprianus
595 1059 634 1119 et
653 1050 799 1143 collegae
820 1052 897 1140 ejus
920 1046 1298 1119 communicaverunt?
1338 1044 1430 1115 rme

382 1163 572 1233 concilium
596 1162 641 1232 de
667 1186 738 1255 quo
764 1163 880 1233 solent
904 1163 963 1233 isti
986 1162 1138 1255 gloriari.
1191 1160 1271 1230 Nos
1288 1160 1429 1251 quidem

383 1276 543 1359 dicimus,
561 1278 644 1367 quia
665 1278 715 1347 sic
738 1298 810 1346 non
827 1276 945 1367 prodit
969 1276 1143 1346 haereticis
1162 1274 1331 1345 Ecclesiae
1349 1275 1431 1365 bsp-

384 1392 539 1470 tismum‚
557 1394 616 1482 qui
638 1392 852 1483 baptismum
870 1390 1003 1459 Christi
1032 1400 1069 1459 et
1094 1392 1129 1458 in
1156 1390 1332 1459 haereticis
1356 1411 1431 1480 pro-

383 1506 461 1588 bst;
484 1508 576 1576 sicut
593 1529 662 1575 non
682 1507 799 1598 prodit
816 1505 1002 1575 homicidis
1021 1503 1187 1575 Ecclesiae
1204 1504 1430 1595 baptismum,

383 1623 441 1711 qui
460 1622 673 1712 baptismum
693 1619 825 1690 Christi
848 1634 885 1689 et
908 1623 944 1690 in
968 1620 1155 1690 homicidis
1172 1620 1309 1710 probat.
1361 1618 1430 1689 Sed

382 1736 466 1826 qais
482 1736 538 1804 isti
557 1758 602 1804 cx
623 1736 691 1803 lroc
715 1735 864 1804 concilio
888 1736 990 1805 nobis
1014 1734 1235 1826 praescribere
1252 1733 1338 1824 quid
1355 1756 1431 1803 sen·

381 1851 450 1919 tire
474 1850 675 1929 debeamus,
693 1850 872 1931 affectant,
894 1850 959 1941 ipsi
986 1851 1117 1941 priores
1139 1850 1171 1917 ei
1196 1850 1429 1917 consentiant.

385 1964 479 2033 Ecce
503 1964 611 2033 Judae
640 1965 800 2034 traditori
831 1974 915 2034 sunt
941 1965 1146 2055 comparati,
1175 1964 1234 2055 qui
1265 1963 1431 2032 dicebant

384 2078 568 2149 haereticos
593 2081 753 2170 quamvis
778 2081 814 2148 in
841 2079 966 2148 haeresi
994 2079 1190 2170 baptizatos
1213 2099 1285 2145 uon
1301 2077 1430 2146 debere

382 2196 512 2264 iterum
531 2196 711 2286 baptizari.
753 2195 903 2265 Talibus
919 2206 1039 2264 autern
1060 2195 1256 2284 Cyprianus
1273 2215 1431 2263 commu·

383 2309 533 2389 nicabat,
563 2310 621 2400 qui
654 2310 756 2383 dixit,
785 2310 952 2379 nemiuem
974 2307 1184 2401 judicantes,
1216 2317 1277 2378 aut
1307 2332 1329 2377 a
1346 2307 1432 2400 jure

384 2422 633 2493 communionis
654 2420 800 2516 aliquem
826 2424 859 2491 si
884 2423 1055 2493 diversum
1073 2423 1217 2492 senserit
1234 2431 1430 2493 amoocnlcs.

385 2534 493 2607 Tales
518 2539 626 2608 etiam
652 2548 758 2607 antes
783 2539 890 2607 fuisse
916 2541 951 2607 in
977 2539 1137 2607 Ecclesia
1159 2561 1223 2629 per
1239 2537 1338 2607 illam
1356 2560 1432 2607 sen·

292 2683 351 2732 43.
385 2654 534 2721 tentiam
553 2653 831 2734 manifestantur,
847 2654 906 2722 nbi
925 2656 985 2734 ait,
997 2652 1069 2725 Sed
1084 2652 1170 2723 dicit
1186 2650 1325 2745 aliquis,
1340 2651 1433 2740 Quid

293 2735 375 2785 *hm
386 2790 466 2861 erqo
481 2767 546 2858 slei
569 2767 611 2836 de
634 2766 689 2836 his
714 2769 774 2859 qui
800 2770 837 2836 in
858 2770 1076 2860 proetcritum
1094 2769 1132 2837 in
1149 2766 1342 2837 Ecclesiam
1359 2768 1432 2836 sine

385 2881 551 2975 baptismo
577 2882 720 2951 admissi
746 2885 856 2952 sunl?
881 2884 1003 2954 Talem
1031 2886 1137 2953 fuisse
1160 2884 1326 2952 Ecclesiae
1352 2907 1428 2951 con-

386 2998 608 3067 suetudinem
645 3000 720 3089 ipsi,
751 3001 809 3088 qui
841 2999 907 3067 hoc
943 2999 1129 3067 concilium
1166 2999 1312 3076 iaciunt,
1343 3021 1431 3088 saepe

387 3122 676 3181 commemorant.
729 3113 765 3181 Si
796 3137 880 3204 ergo
906 3111 998 3181 nillil
1023 3110 1122 3180 uliud
1143 3114 1346 3204 quicumque
1372 3110 1432 3181 dcc

376 3226 482 3319 facit,
502 3252 602 3319 quum
629 3250 764 3319 spousoe
789 3226 923 3298 Christi
939 3226 1056 3296 Judas
1082 3228 1225 3307 es'sislit
1250 3230 1343 3295 sicut
1368 3230 1432 3296 ista

388 3344 562 3411 sententia
586 3345 812 3433 pronuntiata
835 3355 908 3422 est3
935 3342 1048 3411 Judas
1071 3352 1201 3421 sutem,
1220 3343 1313 3410 sicut
1331 3343 1432 3410 docet

392 3454 633 3546 Evangelium,
648 3458 796 3525 traditor
815 3458 900 3537 init3
928 3457 1156 3524 traditoribus
1174 3478 1259 3548 ergo
1278 3478 1432 3525 commu-

389 3574 596 3639 uicaverunt
624 3574 831 3661 omnesqui
862 3582 946 3640 tunc
973 3572 1079 3640 etiam
1108 3574 1176 3639 ista
1202 3572 1381 3653 dicebant,
1398 3582 1432 3639 et

390 3695 576 3776 autequam
604 3688 670 3753 ista
693 3688 860 3764 dicerent,
879 3687 1065 3755 traditores
1083 3688 1164 3755 facti
1191 3697 1291 3755 eraut
1315 3709 1434 3755 omncs

390 3824 452 3891 per
482 3801 577 3869 illam
606 3801 908 3880 cousuetudinem,
927 3825 1032 3890 quam
1060 3812 1144 3869 tuuc
1171 3800 1331 3870 Ecclesia
1356 3802 1434 3868 reti-

391 3915 516 3983 nebat:
544 3937 666 3983 omnes
683 3938 777 4005 ergo,
796 3916 830 3982 id
849 3926 913 3989 est,
932 3928 969 3982 et
993 3937 1055 3983 nos
1078 3928 1115 3984 et
1138 3917 1202 4005 ipsi
1227 3917 1355 4005 quiex
1378 3915 1435 3983 illa

394 4029 531 4096 uuitatc
550 4030 730 4118 propagati
749 4051 877 4108 sumus
897 4031 1083 4098 traditores
1101 4053 1232 4099 sumus.
1285 4031 1356 4100 Sed
1376 4053 1434 4099 nos

496 4285 508 4321 Ρ
525 4278 587 4334 Am.
604 4288 631 4333 et
648 4278 730 4333 MSS.
747 4280 783 4332 ad
792 4287 924 4351 posteros.
970 4278 1020 4348 (Et
1035 4277 1124 4332 codex
1140 4279 1210 4334 ulter
1227 4281 1328 4347 meus.)
