3900 5167
537 446 600 513 164
767 449 1020 513 ARCHELAI
1044 449 1109 512 ΕΤ
1133 447 1353 512 MANETIS

536 629 692 690 veterem
710 643 793 691 eum
815 620 945 691 habere
968 619 1156 713 designet?
1191 619 1333 690 Deinde
1360 618 1451 690 iliud
1477 621 1580 690 etium

534 737 789 828 pervidendum
807 738 971 829 estquis
998 732 1061 806 'ex
1087 759 1159 827 qno
1184 734 1254 805 duo
1276 743 1371 816 sunt,
1388 736 1580 830 ingenitum

534 851 706 923 hebentes
732 864 903 936 naturam,
927 875 973 923 ex
1000 875 1043 922 eo
1070 873 1213 922 neeesse
1238 861 1293 922 est
1316 853 1427 922 etism
1454 851 1580 922 bebere

535 993 810 1064 unumquenque
837 971 991 1062 ipsorum
1017 975 1119 1037 vetus
1145 974 1415 1052 testamentum,
1433 977 1474 1038 et
1497 967 1580 1037 fient

533 1086 604 1156 duc
623 1094 743 1157 vetere
759 1092 994 1167 testaments3
1019 1085 1049 1155 si
1068 1092 1188 1153 tomen
1209 1084 1333 1155 ambos
1349 1085 1528 1176 antiquos,
1544 1093 1580 1154 et

532 1202 608 1272 sine
625 1202 727 1272 initio
744 1224 820 1273 esse
837 1202 934 1273 dicis.
989 1200 1066 1294 Ego
1082 1208 1204 1270 sutem
1230 1201 1369 1270 nonita
1386 1198 1505 1282 didici,
1523 1221 1580 1270 us-

531 1339 602 1407 que
635 1317 686 1387 ite
719 1320 904 1389 continent
935 1316 1136 1408 Scripturas.
1191 1313 1246 1384 Tu
1275 1337 1372 1398 vero,
1402 1314 1467 1406 qui
1496 1314 1580 1385 diois

531 1430 648 1525 legem
667 1431 787 1527 Moysi
804 1455 880 1504 esse
897 1433 1041 1527 maligui
1058 1431 1241 1524 Principis,
1254 1439 1292 1502 et
1309 1454 1380 1501 non
1398 1429 1484 1502 boni
1501 1428 1578 1512 Dei,

531 1546 589 1618 dic
617 1548 717 1633 mihi,
743 1552 804 1642 qui
840 1559 941 1621 erant
969 1549 1034 1632 illi,
1060 1550 1120 1641 qui
1151 1547 1362 1618 resistebant
1390 1546 1428 1616 in
1454 1546 1578 1618 sociem

532 1662 662 1757 Moysi,
687 1661 853 1737 damnem
886 1666 975 1748 dico,
1003 1674 1040 1736 et
1070 1663 1297 1735 Membrem?
1338 1661 1459 1734 Omne
1485 1664 1578 1733 enim

529 1783 624 1872 quod
651 1783 793 1866 resistit,
815 1806 886 1853 non
912 1783 1055 1854 sibimet
1082 1784 1148 1874 ipsi
1173 1780 1315 1862 resistit,
1337 1779 1401 1850 sed
1426 1778 1499 1862 olii,
1517 1788 1580 1851 eut

529 1898 679 1983 meliori,
697 1909 759 1971 sut
776 1900 954 1982 deteriori,
969 1901 1080 1969 ¹sicut
1098 1898 1231 1969 Paulus
1247 1895 1381 1966 indicet
1397 1896 1443 1966 od
1460 1895 1579 1966 'limo-

527 2013 653 2085 theum
679 2017 715 2085 iu
738 2016 893 2087 secunde
911 2014 1072 2109 Epistola
1087 2037 1152 2085 sus
1167 2012 1355 2083 &scribens
1408 2009 1579 2100 Quomod-

528 2130 665 2202 modum
682 2131 837 2216 Jumnes,
864 2142 895 2204 et
918 2129 1115 2203 ’Mambre
1139 2129 1338 2200 restiterunt
1354 2125 1481 2222 Moysi
1491 2152 1504 2208 ,·
1528 2128 1578 2199 ito

526 2255 559 2318 ct
588 2248 650 2318 isti
678 2249 876 2320 restiterunt
905 2249 1054 2332 veritati,
1081 2245 1235 2318 domines
1268 2242 1425 2338 europei
1461 2253 1577 2326 mereto,

526 2362 665 2457 reprobi
687 2365 781 2435 circo
793 2364 926 2458 fidem:
951 2363 1012 2435 sed
1027 2362 1120 2434 sdtra
1136 2385 1206 2433 uon
1221 2359 1409 2455 prevident.
1463 2356 1579 2431 hIresi-

524 2480 658 2573 pientio
675 2482 766 2552 enim
785 2504 902 2552 eorum
919 2479 1075 2553 umoribus
1097 2488 1179 2551 nota
1195 2486 1253 2560 est,
1271 2479 1362 2548 erut
1383 2485 1415 2547 ct
1437 2474 1577 2548 illorum

515 2594 606 2692 fuit.
658 2596 772 2668 Vides
789 2597 967 2690 quomodo
984 2596 1160 2678 Jsmnem,
1179 2605 1216 2666 et
1236 2593 1439 2664 Membrem
1463 2594 1577 2665 bomi-

526 2714 630 2784 nibus
660 2726 841 2807 comparat
871 2715 1046 2805 corruptis
1075 2722 1208 2796 mente,
1234 2721 1271 2782 et
1299 2711 1458 2802 reprobis
1486 2713 1577 2783 circo

526 2831 653 2913 tidem;
682 2831 830 2923 Moysen
846 2854 928 2900 vero
943 2831 1095 2900 veritati.
1134 2829 1224 2898 ³Sed
1242 2837 1280 2897 et
1297 2826 1452 2898 Sanctus
1468 2827 1576 2898 Joon·

526 2968 588 3015 nes
606 2947 783 3016 maximus
798 2946 1102 3039 Evangelistarum
1121 2945 1181 3025 nit,
1193 2945 1342 3038 gretiam
1358 2945 1475 3035 gratie
1492 2966 1577 3035 prae-

525 3072 629 3144 stare,
655 3073 692 3131 et
717 3063 876 3146 differre3
902 3085 948 3131 ex
977 3062 1198 3154 plenitudine
1226 3061 1321 3129 enim
1343 3056 1432 3128 Jeeu
1459 3058 1575 3153 legem

526 3174 645 3270 Moysi
663 3180 839 3270 accepisse
856 3201 919 3247 uos
937 3179 1044 3256 dicit;
1069 3176 1175 3247 eliam
1200 3184 1321 3245 autem
1343 3175 1496 3266 gretiam
1514 3196 1575 3266 pro

524 3291 585 3362 ills
609 3295 723 3385 gratis
750 3317 813 3385 per
835 3292 960 3364 Jesum
987 3290 1166 3364 Christum
1195 3314 1270 3363 esse
1298 3288 1514 3382 completam
1540 3291 1575 3359 in

525 3407 636 3477 nobis.
687 3409 811 3491 ⁴Quod
831 3410 1020 3480 ostendeus
1037 3411 1146 3479 etiam
1170 3409 1244 3500 ipse
1263 3406 1438 3475 Dominus
1455 3413 1575 3476 noster

565 3570 654 3630 fHoc
677 3576 706 3631 iu
728 3576 792 3632 ioco
814 3577 914 3632 lacuna
936 3584 979 3632 est
1001 3576 1030 3631 in
1050 3574 1184 3630 Bobieusi
1199 3571 1305 3637 codice,
1321 3570 1349 3625 in
1364 3588 1420 3643 quo
1435 3570 1574 3635 scribitur,

522 3691 555 3727 er
569 3691 620 3746 quo
634 3673 685 3729 duo
699 3683 761 3729 surr!
776 3675 894 3749 inqendo
911 3673 1037 3729 indentes
1055 3680 1181 3728 naturum
1201 3671 1320 3745 ipsorum
1340 3675 1575 3734 testamentorum

515 3766 597 3840 fient,
613 3772 658 3831 dc.
702 3767 830 3826 Valesius
853 3787 889 3824 ex
914 3768 1031 3843 ingenio
1055 3768 1094 3823 itu
1118 3764 1287 3829 emendavit,
1310 3783 1344 3820 er
1367 3783 1418 3839 quo
1443 3765 1495 3821 dno
1515 3773 1574 3822 sort

523 3856 650 3932 inuenitur,
666 3860 763 3916 iubent
777 3880 811 3917 er
824 3870 923 3918 notura
938 3863 1058 3937 ipsorum
1072 3868 1269 3916 testamentum.
1314 3857 1371 3915 Sed
1391 3858 1485 3933 ipsum
1503 3859 1574 3916 mede

522 3958 676 4032 conjecisse
692 3961 854 4017 Casiuensis
869 3962 957 4017 codex
972 3961 1107 4017 ostendit.

563 4064 575 4100 ἕ
590 4054 662 4112 cod.
679 4058 799 4115 Bobien.
814 4060 855 4116 ita
870 4060 1000 4116 scribens.

562 4150 574 4185 ¹¹
590 4153 691 4211 Codex
704 4156 822 4212 Bobien.
837 4157 999 4232 insipientia
1018 4156 1087 4212 enim
1106 4155 1213 4211 illorum
1228 4156 1372 4229 manifesto
1386 4156 1439 4211 erit
1456 4155 1572 4212 omnibu

520 4247 599 4316 deut,
616 4256 659 4312 85⁶.
675 4253 750 4326 quod
765 4254 857 4328 magis
872 4254 908 4310 ud
924 4253 1056 4328 Vuigntae
1071 4253 1222 4309 lectionem
1237 4253 1357 4310 accedit.

542 4374 548 4395 ¹
566 4370 666 4429 2Tim.
679 4373 717 4430 iii.
732 4373 759 4439 8,
772 4392 801 4449 9.
881 4380 889 4402 ’
906 4374 1022 4448 [Graeca
1036 4374 1141 4431 hebent
1152 4374 1296 4448 Ἰαμβρῆς]
1374 4380 1382 4409 ³
1397 4374 1482 4431 Joon.
1492 4373 1511 4430 i.
1527 4371 1567 4428 16.

540 4475 550 4504 ⁴⁸
567 4466 638 4523 Ibid.
652 4489 677 4525 v.
689 4484 738 4544 45,
757 4471 805 4542 46,
821 4487 869 4545 47.
