3900 5167
570 460 810 523 RESPONSA
836 460 902 521 AD
926 459 1187 522 EPISCOPOS.
1359 459 1424 524 att

376 631 518 721 quando
535 634 712 702 converti:
739 633 834 724 quod
852 656 933 702 cum
952 633 1113 714 fecerint,
1131 654 1201 701 nou
1219 654 1280 701 eos
1301 632 1425 723 utique

375 768 520 817 necesse
536 758 591 817 est
608 748 737 818 iterum
755 749 934 839 baptizari.
988 748 1187 817 Potuerunt
1209 749 1319 841 igitur
1334 748 1425 817 ecci·

376 884 460 953 pere
476 863 701 955 baptismum,
720 874 757 933 et
775 864 1013 933 remissionem
1037 886 1105 932 non
1124 865 1284 954 accipere
1302 885 1425 955 pecca·

375 988 504 1059 torum,
521 988 584 1049 sut
608 981 760 1050 remissis
783 981 938 1072 peccatis
954 981 1123 1050 continuo
1140 1001 1260 1049 rursus
1276 979 1422 1049 onerari.

376 1092 437 1162 Sic
453 1115 538 1186 ergo
554 1104 592 1163 et
609 1093 773 1164 haeretici.

426 1204 592 1277 Victore
610 1206 686 1277 Gor
702 1208 812 1279 dixit:
840 1207 929 1282 Cam
940 1218 1081 1303 peccata
1098 1209 1239 1279 nonnisi
1256 1209 1294 1277 in
1307 1205 1497 1278 macca».
1509 1231 1533 1277 ⁴·

375 1324 440 1392 sia
455 1319 622 1416 baptismo
634 1324 864 1406 remittantur,
876 1327 937 1420 qni
953 1324 1150 1396 hereticam
1168 1325 1243 1393 aina
1258 1322 1424 1417 baptismo

376 1438 424 1507 ad
448 1435 801 1510 ‘communicationem
827 1440 988 1524 admittit,
1015 1449 1196 1535 maenaque
1221 1448 1340 1511 contra
1365 1463 1424 1510 na-

376 1554 501 1623 tionem
515 1552 621 1648 facit,
639 1578 700 1625 nac
721 1552 900 1627 laceratione
919 1564 1108 1653 perpotet
1127 1553 1347 1627 Christianos
1370 1553 1424 1624 in·

375 1669 506 1760 quinat.

426 1784 523 1857 Huic
553 1788 813 1879 respondemus,
840 1788 1011 1859 Ecclesiae
1036 1790 1250 1882 baptismum
1282 1810 1357 1859 esse
1384 1796 1423 1858 et

375 1903 468 1993 apud
496 1901 690 1986 haereticos,
707 1904 868 1995 quamvis
893 1904 958 1996 ipsi
986 1926 1055 1973 non
1083 1904 1215 1973 sintin
1242 1901 1421 1973 Ecclesia:

375 2017 468 2087 siout
493 2040 620 2109 aquam
648 2019 796 2109 paradisi
823 2020 858 2088 in
882 2029 975 2089 term
992 2018 1148 2111 AEgypti,
1165 2018 1324 2109 quemvis
1347 2017 1423 2109 ipse

374 2153 445 2200 non
463 2133 509 2202 sit
526 2134 561 2202 in
580 2134 749 2226 paradiso.
803 2133 888 2205 Non
905 2137 1027 2226 itaque
1044 2133 1228 2205 haereticos
1245 2134 1320 2204 sine
1337 2133 1423 2226 bap·

374 2248 481 2318 tismo
507 2248 552 2318 ud
583 2252 867 2319 communionem
899 2250 1142 2334 admittimus;
1167 2258 1205 2319 et
1235 2250 1317 2340 quia
1344 2243 1423 2319 cor·

374 2364 462 2432 recti
484 2387 506 2433 a
526 2387 590 2435 sua
607 2367 837 2457 perversitate
854 2366 1013 2447 veniunt,
1031 2388 1101 2435 non
1120 2387 1242 2435 eorum
1261 2374 1419 2457 peccato,

373 2481 435 2550 sed
465 2478 595 2550 Christi
626 2491 846 2551 sacramente
875 2482 1105 2573 suscipimus:
1141 2480 1187 2551 de
1217 2481 1422 2551 remissione

373 2603 495 2664 autem
525 2603 750 2686 peccatorum
778 2596 872 2687 quod
900 2596 1070 2688 superius,
1094 2596 1162 2666 hoc
1188 2604 1225 2666 et
1252 2595 1309 2664 hic
1335 2594 1422 2665 dici-

374 2733 463 2781 mus.
529 2710 623 2780 Illud
658 2734 741 2781 sene
775 2711 869 2803 quod
904 2715 939 2782 in
974 2711 1102 2782 ultimo
1138 2712 1256 2804 posuit
1289 2711 1419 2793 dicens,

373 2835 554 2922 utinamque
578 2836 697 2898 contra
722 2828 890 2899 nationem
909 2826 1018 2922 facit,
1042 2852 1104 2899 nec
1132 2826 1309 2898 hereticos
1332 2849 1421 2921 par-

368 2951 439 3038 pat,
457 2950 490 3013 et
507 2940 727 3016 Chmctianoo
744 2944 926 3037 inquinat·
950 2947 1086 3036 respuit
1108 2944 1271 3037 primitus
1288 2967 1328 3015 ac
1345 2965 1420 3014 mu·

373 3061 470 3130 xime
484 3059 678 3152 Cyprianus
694 3060 770 3152 ipse
782 3082 862 3129 cum
881 3060 947 3130 sibi
961 3059 1262 3131 consentientibus
1275 3060 1420 3155 collegis

373 3178 463 3248 suis:
490 3178 718 3267 nequeenim
742 3178 915 3269 inquinari
941 3197 980 3247 se
1005 3178 1165 3259 credidit,
1182 3178 1323 3268 quando
1340 3177 1420 3248 teli·

373 3289 439 3359 bus
468 3298 613 3382 propter
639 3289 817 3360 vinculum
853 3292 948 3382 pacis
979 3287 1311 3361 communicandum
1343 3311 1424 3361 esse·

373 3404 531 3475 decrevit
548 3406 677 3488 dicens,
694 3404 874 3477 Neminem
884 3406 1094 3500 judicantes,
1113 3416 1173 3477 ant
1195 3430 1216 3476 a
1229 3407 1314 3499 jare
1331 3430 1421 3478 com-

373 3518 549 3591 munionis
560 3519 707 3616 adipeam
724 3522 757 3593 ci
772 3522 944 3594 diversam
960 3523 1105 3594 senserit
1117 3531 1314 3594 amoventes.
1340 3522 1421 3595 Aut

372 3637 401 3705 si
418 3637 605 3727 inquinant
621 3637 777 3709 haeretici
798 3639 842 3709 ad
864 3640 1161 3722 communionem,
1179 3641 1230 3709 asi
1246 3661 1317 3709 non
1334 3639 1420 3732 bep-

372 3753 539 3835 tiaantur,
567 3753 731 3836 admissi;
765 3755 947 3846 inquinate
977 3765 1032 3826 est
1062 3765 1139 3827 tote
1168 3754 1327 3827 Ecclesia
1356 3779 1420 3849 per

372 3868 470 3939 iliam
501 3871 804 3955 consuetudinem,
834 3896 911 3965 quae
941 3874 1048 3944 toties
1078 3873 1136 3943 hio
1166 3893 1420 3944 commemora-

373 3996 441 4056 tur.
494 3985 546 4055 Et
569 3987 661 4055 sicut
683 4010 747 4058 nos
771 3989 829 4058 isti
860 3989 1040 4082 appellant
1063 3991 1249 4060 traditores
1275 4000 1420 4082 propter

414 4128 559 4197 ‘Quidem
574 4138 684 4186 veteres
698 4130 819 4195 codices,
835 4132 872 4186 ad
883 4134 1097 4188 communionem.
1127 4131 1185 4204 (Ita
1199 4132 1311 4206 quidem
1326 4132 1417 4190 codex

372 4227 442 4284 aiter
456 4246 545 4288 meus.
561 4227 611 4283 sed
624 4226 706 4284 aliter
719 4227 900 4303 Cyprianus.)

413 4334 430 4377 8
444 4324 492 4380 Er.
509 4333 538 4381 et
552 4324 639 4381 MSS.
651 4325 722 4381 sicut
736 4344 786 4383 non
802 4327 979 4403 baptizantur.
1024 4328 1081 4400 (Ita
1092 4338 1120 4386 et
1134 4329 1210 4403 prior
1224 4329 1311 4384 codex
1327 4346 1416 4395 meus,

373 4422 448 4478 haud
462 4423 558 4494 bene.)

415 4523 484 4565 vot.
499 4524 530 4565 v.
889 4527 905 4564 a
919 4504 930 4565 l
