3900 5167
451 439 517 506 8⁰0
644 437 710 502 DE
732 433 1114 502 REBAPTISMATE
1137 433 1302 502 mauu.

451 609 587 707 Spiritu
604 609 786 706 baptimi.
817 608 877 682 Ita
891 617 934 681 ut
950 617 989 682 ot
1005 609 1044 680 hi
1058 631 1204 704 quoquo
1218 631 1294 682 uon
1311 607 1493 682 videmur

449 729 568 800 minus
596 725 730 821 aliquid
758 725 901 812 habena,
925 747 1034 821 quam
1060 723 1115 796 illi
1141 725 1205 819 qui
1233 725 1388 819 perlati
1414 735 1492 796 aunt

450 841 664 928 Christiani3
690 849 773 914 ¹noc
797 863 941 914 necans
961 841 1009 914 sit
1032 841 1153 937 quari,
1168 839 1275 934 quala
1299 839 1393 914 illud
1412 841 1494 936 lap·

449 961 562 1038 tuma
581 957 689 1032 fucrit
713 958 807 1052 quod
832 959 872 1030 in
896 958 1041 1030 nomino
1054 953 1145 1030 Joau
1159 955 1295 1030 cunau
1313 965 1401 1030 aunt
1414 979 1493 1030 oon·

449 1076 574 1148 sacnti.
626 1072 706 1146 Nisi
724 1074 817 1146 forta
838 1073 877 1146 in
897 1072 961 1144 illo
975 1085 1118 1168 quoquo
1132 1073 1315 1168 mpsrioro
1330 1081 1492 1157 tractotu.

386 1201 389 1208 '
450 1191 544 1264 circa
571 1190 719 1284 eosqui
746 1189 995 1262 tantummodo
1018 1191 1057 1262 in
1079 1191 1225 1262 nomino
1248 1187 1385 1264 (inuicti
1408 1187 1493 1262 Joau

451 1306 623 1400 baptizati
651 1305 796 1390 fuerint,
820 1313 956 1378 mtuas
979 1307 1089 1380 stiam
1112 1305 1190 1378 aino
1212 1305 1353 1402 Spiritu
1375 1315 1494 1379 aucto

451 1445 553 1517 pomo
577 1419 691 1494 salvos
712 1421 801 1505 flori,
817 1425 898 1493 'aut
922 1443 994 1494 nou
1018 1421 1086 1494 hac
1109 1421 1185 1494 sola
1207 1423 1359 1506 rationo,
1380 1423 1493 1496 anisi

450 1561 516 1633 por
538 1558 664 1610 manno
685 1537 947 1631 impositionem
967 1537 1122 1632 episcopi
1138 1537 1313 1632 Spiritum
1334 1547 1493 1611 aneton

451 1676 638 1727 oonaueaaa
662 1653 841 1748 praeatan3
865 1662 929 1726 aut
954 1653 1064 1726 otiam
1084 1675 1156 1724 non
1176 1656 1385 1748 episcopum
1403 1655 1494 1726 diana

451 1767 624 1864 Spiritum
646 1777 807 1841 sanctum
825 1768 961 1841 'solnm
982 1791 1059 1841 cass
1078 1767 1207 1864 largiri.
1256 1769 1367 1856 Quod
1391 1769 1422 1842 si
1445 1770 1494 1842 ita

449 1896 516 1970 ost,
542 1894 581 1960 ot
606 1895 724 1981 potest
751 1885 886 1981 aliquid
910 1886 1038 1958 horum
1062 1885 1228 1958 cvanions
1257 1883 1412 1959 salutem
1435 1886 1494 1957 ho·

450 2001 538 2074 mini
560 2002 719 2074 credenti
744 2025 817 2073 non
841 2003 1040 2097 preripere,
1057 2009 1099 2074 tu
1115 2024 1257 2096 quoquo
1279 2001 1359 2098 ipss
1373 2003 1494 2076 annuis

448 2117 635 2213 ⁴quoniam
669 2119 776 2191 modo
805 2118 1041 2200 dimidiatum,
1069 2126 1109 2190 st
1140 2141 1212 2190 nou
1239 2127 1285 2190 ut
1312 2118 1494 2192 contendis

449 2243 735 2308 consummatum
761 2234 968 2330 mysterium
994 2235 1089 2317 fidei,
1114 2237 1203 2329 ‘qua
1226 2236 1419 2308 nemim
1445 2237 1495 2306 in·

491 2389 500 2416 ¹
514 2401 567 2443 nco
580 2401 697 2443 necasse
710 2382 761 2459 sit]
779 2383 918 2460 Repoauit
929 2401 979 2441 sec
995 2401 1050 2460 pao
1062 2401 1097 2442 ac
1108 2381 1252 2451 Bnlnzius,
1266 2383 1447 2462 improbante
1458 2383 1493 2442 id.

451 2481 615 2542 Gallonilio.

496 2581 565 2636 'aut
578 2595 637 2636 non
651 2576 705 2636 hac
718 2575 1045 2653 sola-impositiaaan]
1068 2576 1182 2654 Aliquid
1193 2577 1242 2638 luc
1253 2578 1357 2639 densa
1368 2579 1493 2639 villelm

450 2676 506 2734 nisi
529 2682 620 2734 totam
645 2674 801 2733 clausulam
824 2673 865 2732 sic
889 2675 1114 2735 constituamus:
1146 2675 1229 2735 Cim
1247 2695 1295 2735 eoa
1313 2678 1363 2755 qai
1381 2686 1492 2737 tntu·

451 2773 528 2831 nodo
547 2774 576 2831 ia
596 2773 701 2831 nominc
719 2772 825 2830 cunti
837 2771 906 2831 lm
927 2773 1059 2849 baptism
1069 2773 1190 2849 fierint,
1210 2782 1320 2833 alaim
1339 2776 1422 2833 etim
1440 2775 1494 2834 siae

454 2869 563 2946 Spiritu
577 2871 677 2928 Sancto
693 2888 775 2946 posce
786 2869 879 2927 saluos
885 2870 972 2944 ficri:
994 2879 1051 2934 cat,
1065 2889 1117 2928 sos
1137 2870 1188 2928 luc
1207 2874 1267 2929 colo
1281 2874 1399 2938 ratione,
1413 2874 1459 2930 aed
1469 2881 1493 2928 et

445 2986 500 3042 per
513 2986 607 3024 monac
620 2968 815 3043 impositionem
828 2966 954 3043 episcopi,
970 2966 1105 3042 Spiritum
1125 2976 1247 3025 coactam
1266 2988 1409 3027 consutae
1423 2987 1493 3047 pro·

450 3065 524 3121 atari
533 3088 544 3121 .·
565 3073 613 3121 ast
632 3066 714 3121 ctiam
735 3083 786 3121 aon
807 3065 961 3140 episcopum
974 3064 1060 3130 (linos⁸
1076 3065 1211 3142 spiritam
1225 3065 1356 3125 Sanctm
1369 3087 1428 3125 ecce
1440 3068 1493 3123 lor·

450 3162 515 3236 uiri.
546 3161 656 3227 Solum,
671 3161 727 3218 hoc
740 3170 795 3227 est,
810 3162 871 3219 sine
885 3181 967 3237 aqua,
983 3162 1044 3220 aine
1057 3163 1207 3239 baptismo.
1237 3165 1309 3223 Esse
1321 3166 1430 3242 largiri,
1443 3166 1495 3223 hoc

452 3267 507 3328 cat,
522 3258 661 3334 Spiritum
676 3268 804 3316 sanctum
819 3260 887 3317 dare
901 3279 986 3334 posse
1000 3260 1086 3318 etiam
1101 3280 1160 3318 non
1173 3261 1348 3338 episcopum.
1370 3263 1495 3321 videlicet

452 3356 574 3432 aliquam
588 3356 624 3413 de
638 3356 749 3415 minore
760 3356 846 3414 clero.
860 3358 906 3414 vel
917 3357 952 3413 de
966 3357 1001 3413 iis
1015 3357 1062 3432 qui
1076 3367 1144 3416 sunt
1154 3359 1277 3417 minores
1287 3360 1406 3418 clericis.
1428 3360 1496 3417 Haec

453 3455 632 3512 Ruoinnnus.
672 3455 806 3529 cherim
820 3473 886 3530 ego,
900 3464 929 3512 at
948 3473 1000 3511 aon
1017 3455 1068 3513 loc
1080 3456 1140 3513 oola
1153 3457 1268 3522 ratione,
1282 3459 1333 3515 ced
1343 3459 1373 3515 si
1385 3458 1497 3515 addam

448 3570 503 3629 per
516 3552 569 3609 &c

493 3652 503 3683 ⁸
517 3647 623 3720 solnm]
641 3646 707 3703 For.
722 3665 774 3721 pro
787 3648 874 3704 solam
886 3647 996 3705 coliium
1009 3658 1054 3706 est
1067 3649 1270 3724 reponendum.

493 3743 650 3819 ⁴quouiam
672 3744 758 3801 modo
779 3745 970 3820 dimidiatum]
991 3745 1072 3803 Idem
1085 3747 1129 3804 vir
1142 3748 1269 3806 eruditus
1286 3758 1386 3808 censet
1404 3750 1497 3826 legan-

454 3839 522 3896 dum
536 3858 598 3897 esse
609 3859 661 3896 aon
674 3841 751 3896 modo
764 3842 932 3899 dimidiatum
945 3852 975 3900 ut
990 3845 1126 3901 coalendis
1134 3846 1183 3901 aed
1195 3855 1395 3903 commatum
1404 3854 1497 3922 nycte·

454 3940 525 3993 riam
537 3937 615 4011 fidei.
638 3938 751 3994 Binuz.
793 3940 863 3996 Non
884 3941 1033 3999 assentior.
1070 3941 1236 3999 Gallnndius
1254 3943 1369 4017 quidem
1387 3942 1499 4019 conjicit

456 4034 636 4091 scribendum
657 4054 719 4093 essa
733 4055 846 4112 quonam
861 4037 955 4095 modo.
999 4039 1101 4097 Malim
1119 4058 1174 4116 ego
1188 4040 1302 4116 quodam
1315 4045 1403 4099 modo.
1434 4026 1497 4097 vid}

457 4149 542 4204 supra
555 4150 620 4207 pag.
637 4148 705 4209 297.
721 4133 740 4189 l.
755 4153 800 4191 20.

499 4232 578 4301 'qua
600 4231 754 4288 necessitas
778 4232 944 4306 intervenit]
971 4233 1109 4291 Peculiari
1130 4234 1307 4293 necessitatis
1330 4237 1497 4299 causatione,

458 4323 539 4397 cujus
560 4329 689 4402 exempla
710 4329 921 4388 observavimus
941 4332 1017 4406 apud
1037 4332 1145 4390 Tertul.
1164 4341 1194 4391 et
1212 4332 1300 4409 Cypr.
1323 4334 1496 4392 Rionunnus.

460 4419 645 4481 Scribendnm
660 4428 722 4502 qaia
735 4446 787 4502 pro
800 4447 853 4503 qao
866 4427 987 4487 videtur.
