3900 5167
761 445 1069 509 DISPUTATIO.
1394 447 1437 515 89

387 618 517 699 ‘Deua
535 618 597 710 qui
627 629 764 690 creator
791 627 846 690 est
874 620 998 689 animae
1028 641 1129 699 meae,
1154 619 1330 710 quomodo
1356 643 1435 702 non,

388 735 475 805 dum
492 733 595 806 alteri
612 735 758 817 invidet,
775 735 920 807 alterius
943 736 1040 828 operi
1060 735 1227 829 irrogavit
1244 735 1436 816 infamiam,

387 859 431 921 ut
458 861 520 922 aut
546 850 619 933 ille,
644 854 706 943 qui
733 851 908 945 templum
932 853 1078 932 extruit,
1102 860 1302 945 angustumv
1319 852 1436 935 faciat,

387 966 441 1037 ita
465 975 507 1037 ut
533 990 660 1060 capere
687 990 757 1038 non
788 970 898 1060 possit
922 969 1017 1061 qnod
1044 967 1260 1038 collocatur?
1287 976 1349 1038 aut
1374 967 1436 1040 ille

387 1083 450 1172 qni
479 1083 706 1154 simulacrum
734 1083 830 1167 fecit,
859 1084 1037 1177 quomodo
1066 1105 1137 1152 non
1166 1105 1273 1176 grave
1302 1082 1435 1176 aliquid

386 1198 548 1290 pertulit,
577 1209 615 1270 et
644 1200 891 1292 ponderosum,
922 1223 993 1293 qno
1023 1198 1233 1280 intromisso,
1261 1200 1435 1292 templum

386 1315 558 1385 continuo
575 1316 804 1387 concideret?
845 1315 1050 1386 Secundum
1067 1315 1144 1397 hoc,
1162 1316 1255 1406 quod
1274 1316 1436 1387 novimus

385 1452 465 1500 esse
490 1431 711 1502 inimicorum
737 1433 863 1515 studia,
888 1430 1170 1525 contemplemur
1195 1431 1284 1514 hoec,
1309 1432 1338 1500 si
1364 1453 1435 1501 non

386 1544 441 1617 ita
456 1568 494 1617 se
510 1546 664 1633 habent;
687 1549 741 1619 sin
763 1558 884 1619 autem
902 1557 1043 1640 oportet
1060 1550 1180 1618 omnia
1195 1548 1318 1617 iisdem
1337 1569 1436 1618 men·

385 1663 486 1745 suris,
497 1664 621 1734 eadem
638 1666 809 1757 aequitate
822 1664 971 1757 disponi,
985 1662 1160 1756 similique
1176 1661 1288 1756 gloria
1304 1661 1435 1745 effer-rh

385 1779 474 1870 quid
489 1779 605 1851 adhuc
623 1782 668 1851 de
684 1780 751 1851 hoc
769 1779 996 1850 dubitamus?
1038 1778 1216 1850 Addimus
1237 1780 1434 1862 tantum,si

385 1894 514 1986 placet,
541 1898 648 1967 etiam
678 1895 768 1968 illud
798 1894 1013 1989 exemplum,
1041 1894 1165 1966 similis
1191 1895 1330 1965 videtur
1359 1915 1435 1967 esse

384 2011 495 2083 homo
518 2014 704 2106 navique
724 2014 897 2085 instructa
918 2012 964 2082 ab
985 2011 1131 2091 artifice,
1149 2020 1258 2101 atque
1278 2011 1315 2081 in
1336 2032 1434 2082 maro

383 2125 541 2197 deducta
563 2136 627 2209 eat,
645 2150 822 2220 quamque
846 2128 1012 2221 navigare
1037 2123 1253 2219 impossibile
1278 2134 1333 2196 eet
1358 2126 1433 2196 sino

383 2241 642 2334 gubernaculis,
660 2243 787 2335 quibus
809 2245 883 2338 regi
907 2252 945 2312 et
965 2242 1060 2313 flecti
1083 2242 1192 2335 possit
1212 2241 1249 2310 in
1270 2262 1434 2331 quaecun-

384 2381 459 2451 que
479 2357 557 2430 loca
574 2360 726 2432 voluerit
747 2362 963 2455 gnbemator
987 2362 1072 2453 ejus.
1125 2360 1173 2431 Et
1199 2361 1281 2451 quia
1306 2360 1433 2429 eodem

383 2474 522 2545 artifice
543 2477 701 2570 indigeat
724 2499 850 2570 corpus
874 2476 1205 2571 gubernaculorum,
1223 2498 1293 2568 quo
1319 2484 1356 2545 et
1380 2484 1434 2546 to-

385 2589 459 2661 tius
475 2592 584 2674 navis
602 2590 690 2662 nulli
708 2593 856 2664 dubium
874 2601 949 2675 est;
976 2594 1052 2663 aine
1073 2590 1321 2685 gubernaculis
1337 2593 1433 2664 enim

383 2708 539 2778 otiosum
561 2709 629 2778 erit
651 2731 758 2780 omne
780 2710 880 2781 navis
902 2731 1000 2802 opus,
1018 2730 1145 2802 corpus
1169 2706 1259 2777 illud
1284 2709 1433 2778 immen-

383 2846 476 2895 sum
526 2824 585 2895 lta
609 2847 693 2920 ergo
722 2826 876 2897 animam
904 2827 1058 2918 corporis
1084 2824 1322 2920 gubernacula
1347 2825 1433 2895 dici-

382 2963 476 3022 mus,
496 2949 668 3035 reguntur
691 2952 813 3012 autem
838 2952 989 3035 utraque
1014 2942 1149 3013 arbitrii
1175 2951 1283 3032 atque
1308 2942 1433 3011 ouimae

382 3054 560 3139 libertate,
576 3080 648 3150 quo
666 3056 765 3129 velut
790 3058 1025 3152 gubernatore
1050 3058 1204 3140 utimur3
1230 3052 1324 3149 lquae
1349 3078 1431 3127 oum

383 3193 450 3265 per
465 3173 748 3265 conjunctionem
765 3198 876 3245 unum
893 3174 1031 3259 effecta,
1045 3174 1307 3245 consonantiam
1327 3172 1432 3243 officii

383 3289 440 3361 sui
457 3291 641 3361 continent
662 3291 707 3361 ad
731 3311 836 3361 omne
853 3313 951 3383 opus,
969 3292 1204 3381 quodcunque
1230 3311 1274 3358 ex
1301 3300 1431 3359 semet-

383 3407 470 3500 ipsis
488 3406 657 3491 efficiunt,
674 3408 735 3477 uni
761 3409 895 3478 auctori
923 3418 960 3477 et
985 3407 1158 3477 conditori
1185 3407 1430 3481 testimonium

382 3523 515 3595 ferunt.

434 3638 524 3709 XX.
551 3637 621 3710 His
636 3640 775 3722 auditis,
793 3638 915 3721 turba,
932 3661 1009 3729 quae
1025 3638 1181 3720 aderant,
1201 3637 1430 3709 vehementer

379 3757 510 3852 gavisae
526 3765 619 3838 sunt,
636 3756 688 3826 ita
704 3763 746 3825 ut
762 3777 854 3847 pene
870 3777 994 3825 manus
1011 3755 1196 3849 injicerent
1213 3756 1249 3823 in
1268 3754 1428 3839 Manem,

381 3895 472 3965 quos
506 3873 567 3942 vix
600 3869 798 3941 Archelaus
831 3870 999 3940 cohibens
1033 3882 1070 3939 et
1108 3871 1310 3962 reprimens,
1345 3894 1429 3944 con·

380 3990 563 4081 quiescere
601 3988 697 4060 fecit.
765 3987 921 4057 inmens
958 4006 1162 4070 umanum,
1202 3986 1427 4058 sufficienter

381 4103 538 4174 ostendit
564 4101 761 4173 Archelaus
790 4102 942 4172 hominis
972 4113 1010 4173 et
1039 4125 1174 4195 corpus,
1205 4114 1242 4172 et
1271 4105 1425 4175 animam

422 4314 434 4345 ¹
449 4304 483 4360 ln
497 4302 596 4360 codice
609 4302 766 4369 casinensi,
781 4303 878 4359 Deum.
902 4303 966 4375 (for.
983 4304 1137 4377 reponend.
1152 4304 1237 4373 Deo.)

422 4411 434 4443 ⁸
449 4402 483 4458 ln
498 4401 595 4458 codice
609 4400 757 4459 Casinensi
770 4409 823 4463 est,
838 4420 894 4475 quc
908 4420 967 4457 cam
981 4403 1198 4479 conjunctionem.

467 4517 537 4559 vot.
553 4516 584 4559 V.
912 4519 932 4556 N
