3900 5167
842 248 1148 314 DlSPUTATIO.
1472 254 1512 318 41

467 424 597 517 potuit,
615 432 657 494 nt
678 425 826 518 dignum
842 433 928 506 erat,
946 424 1092 496 tradidit
1112 424 1321 517 sepulturae:
1348 447 1418 517 quo
1436 448 1514 497 mu·

468 562 554 610 nere
571 539 730 632 impleto,
746 542 791 611 ad
809 535 1002 611 ¹¹Clrarrum
1019 540 1136 621 rediit,
1150 550 1257 632 atque
1269 542 1399 613 exinde
1415 564 1515 613 recu·

469 665 593 748 perata
614 656 765 727 sanitate
787 655 990 727 vulneratos
1009 656 1054 726 ad
1077 657 1228 748 patriam
1255 678 1411 727 remeare
1435 680 1514 750 par·

468 769 595 853 mittit,
613 769 806 865 largissimo
823 772 869 841 ad
884 772 954 841 iter
970 771 1099 842 viatico
1115 779 1320 864 preparato.
1359 769 1414 843 At
1431 796 1513 844 vero

469 886 555 955 facti
585 886 690 978 hujus
718 886 836 978 opinio
865 885 910 956 ad
937 884 1072 977 reliqua
1100 885 1265 957 Marcelli
1295 887 1386 959 bene
1414 897 1515 981 geste

469 1002 682 1071 immensum
708 999 890 1070 cumulum
914 1000 1086 1072 eontulit:
1113 1024 1177 1094 per
1198 1003 1395 1073 universam
1419 1003 1514 1073 enim

471 1118 652 1210 regionem
689 1115 786 1187 illam
820 1117 945 1210 ingens
978 1117 1074 1187 fama
1106 1117 1269 1189 discurrit
1302 1120 1347 1189 de
1381 1121 1514 1212 pietate

473 1230 648 1314 Marcelli,
665 1234 716 1302 ita
738 1238 779 1301 ut
801 1231 945 1324 plurimi
962 1255 1008 1303 ex
1033 1232 1177 1304 diversis
1193 1234 1339 1305 urbibus
1362 1236 1514 1318 videndi,

471 1362 580 1441 atque
597 1347 830 1440 cognoscendi
848 1345 913 1415 viri
930 1348 1126 1440 cupiditate
1147 1347 1343 1443 flagrarent,
1362 1358 1400 1420 et
1416 1373 1517 1421 max·

471 1467 542 1536 ime
566 1463 614 1545 bi,
632 1462 760 1555 quibus
776 1461 868 1532 ferre
890 1463 1073 1554 penuriam
1091 1486 1175 1535 usus
1194 1474 1278 1536 anta
1301 1489 1372 1536 non
1389 1466 1515 1551 fuerat,

470 1581 599 1673 quibus
628 1578 791 1651 omnibus
816 1579 870 1648 vir
894 1579 1057 1673 egregius
1081 1581 1386 1675 indulgentissime
1412 1581 1516 1651 mini·

471 1694 617 1775 strabat,
643 1691 807 1763 Marcelli
837 1694 967 1764 veteris
996 1694 1157 1765 imitatus
1187 1694 1363 1786 exempla,
1392 1695 1443 1765 ita
1472 1702 1515 1765 ut

470 1832 595 1882 omnes
623 1810 782 1879 dicerent
811 1807 879 1879 hoc
909 1810 984 1878 viro
1014 1808 1153 1879 nullum
1185 1811 1319 1902 pietate
1348 1818 1516 1902 praestan·

468 1928 610 1997 tiorem.
644 1922 716 1995 Sed
734 1934 772 1995 et
789 1924 904 1995 viduae
920 1924 1091 1995 universae
1107 1925 1143 1994 in
1163 1923 1318 1995 Domino
1331 1926 1515 1997 credentes

467 2043 513 2112 ad
536 2063 620 2111 eum
643 2041 920 2124 concurrebant;
946 2063 1028 2111 cum
1052 2039 1220 2111 imbecilli
1245 2063 1386 2134 quoque
1403 2064 1450 2112 ex
1472 2064 1515 2113 eo

465 2157 536 2227 sibi
560 2156 733 2227 auxilium
755 2156 991 2228 certissimum
1013 2157 1281 2248 praesumebant,
1299 2179 1365 2227 noc
1385 2179 1457 2227 non
1476 2166 1515 2229 et

465 2272 617 2365 orphani
634 2295 756 2343 omnes
779 2271 824 2343 ab
848 2273 924 2364 ipso
947 2272 1206 2356 nutriebantur,
1223 2274 1419 2366 domusque
1439 2274 1516 2365 ejus

464 2389 734 2482 peregrinorum
767 2398 806 2459 et
845 2411 1041 2481 pauperum
1082 2389 1276 2481 hospitium
1312 2389 1514 2459 dicebaturr

462 2503 710 2595 superomnia
726 2524 808 2572 vero
834 2501 917 2585 hoec,
935 2502 1018 2572 fidei
1036 2526 1156 2573 curam
1175 2504 1316 2597 egregie
1339 2526 1380 2573 ac
1395 2504 1516 2595 singu·

463 2619 591 2690 lariter
619 2617 806 2700 retinebat,
835 2618 1011 2689 aedilicans
1036 2642 1098 2690 cor
1126 2641 1227 2689 suum
1259 2642 1364 2712 super
1390 2621 1516 2688 immo·

460 2734 578 2806 bilem
595 2744 742 2827 petram.

516 2849 589 2921 IV.
607 2844 740 2943 ¹Igitur
760 2873 841 2921 cum
866 2850 1012 2922 diversis
1032 2852 1069 2921 in
1095 2851 1182 2921 locis
1204 2852 1299 2921 fama
1319 2851 1364 2920 de
1385 2873 1428 2920 eo
1453 2872 1516 2919 sae.

454 2967 611 3061 pissime
636 2974 867 3060 spargeretur,
892 2966 998 3037 etiam
1027 2965 1180 3060 Stranga
1207 2966 1315 3036 flrrvio
1340 2973 1514 3057 superato,

455 3083 656 3155 Persarum
674 3082 711 3150 in
728 3083 908 3176 regionem
926 3104 1010 3152 eum
1031 3081 1181 3173 pertulit
1203 3082 1457 3161 admirandum,
1477 3082 1514 3151 in

452 3221 537 3293 qna
554 3197 804 3268 demorabatur
821 3196 950 3268 Manes
972 3197 1126 3290 quidam,
1142 3199 1202 3289 qui
1225 3198 1269 3267 ad
1292 3220 1330 3268 sa
1351 3197 1516 3289 hujusce·

450 3314 562 3387 modi
583 3313 648 3382 viri
666 3314 830 3405 opinione
848 3312 994 3406 perlata,
1007 3312 1158 3404 plurima
1175 3336 1295 3384 secum
1308 3315 1383 3406 ipse
1396 3313 1515 3384 volve·

449 3430 539 3511 bat,
557 3428 855 3520 quemadmodum
875 3449 958 3498 eum
971 3428 1140 3498 doctrinae
1157 3450 1228 3499 sue
1245 3436 1363 3520 posset
1379 3426 1514 3520 laqueis

449 3543 615 3625 irretire,
639 3564 781 3635 sperans
805 3552 1015 3614 assertorem
1037 3544 1212 3635 dogmatis
1232 3544 1285 3613 sui
1311 3542 1386 3613 fieri
1412 3564 1513 3634 posse

502 3760 521 3804 ¹¹
546 3760 654 3818 Habita
664 3770 708 3818 est
722 3762 816 3836 itaque
829 3761 891 3819 haec
904 3760 1057 3837 disputatio
1074 3760 1149 3835 apud
1163 3759 1287 3816 Carrhas
1301 3758 1513 3816 celeberrimam

450 3858 684 3933 Mesopotamiae
704 3858 813 3925 urbem,
835 3860 915 3933 cujus
935 3857 1084 3933 episcopus
1105 3866 1165 3914 erat
1186 3857 1350 3921 Archelaus,
1365 3856 1407 3914 uti
1428 3875 1513 3932 supra

452 3957 674 4013 adnotavimus.

505 4050 515 4094 ἱ
531 4052 609 4109 Hinc
622 4052 719 4127 incipit
733 4071 798 4127 pers
813 4053 897 4127 hujus
911 4053 1005 4127 operis
1019 4053 1095 4110 edita
1109 4072 1126 4108 a
1140 4051 1253 4109 Valesio
1264 4070 1299 4108 ex
1314 4051 1411 4108 codice
1422 4050 1508 4107 Bobi-

461 4150 537 4213 ensi.
549 4150 597 4224 qni
611 4168 686 4206 nuuc
700 4150 728 4207 in
743 4150 932 4208 Ambrosiam
944 4150 1115 4207 bibliotheca
1129 4156 1265 4207 servetur.

511 4265 577 4307 VOL.
592 4266 622 4306 V.
983 4268 1002 4307 G
