3900 5167
668 986 1025 1087 ARCHELAI
1065 986 1149 1083 ΕΤ
1190 988 1343 1087 MAN
1345 990 1494 1089 ETIS

898 1217 1268 1300 DISPUTATIO.

761 1454 829 1517 AD
854 1454 1091 1519 ZACAGNII
1116 1455 1407 1519 EDITIONEM.

945 1688 1223 1731 -4-

561 1890 611 1975 [S.
628 1890 850 1966 Hunournos,
866 1884 936 1952 Lib.
948 1885 1295 2053 {mmmm
1309 1908 1378 1973 eap.
1390 1887 1477 1954 lxxii.
1489 1909 1521 1974 p.
1531 1891 1603 1954 161.

1010 1989 1069 2053 .1‹⁷
1129 1988 1187 2053 ’'i.

561 2117 856 2215 AROHELAUS
878 2148 1045 2234 episeopus
1068 2148 1309 2234 Mesopotamiae
1328 2149 1444 2213 librum
1462 2148 1605 2235 disputa·

560 2250 655 2315 tionis
668 2272 744 2327 suae,
761 2271 857 2335 quam
875 2249 989 2314 habuit
1007 2250 1176 2314 adversum
1196 2250 1419 2328 Maniohaeum,
1435 2256 1602 2315 exeuntem

560 2352 599 2417 de
628 2352 769 2430 Perside,
796 2353 877 2438 Syro
903 2373 1049 2418 sermone
1075 2353 1262 2438 composuit,
1291 2354 1345 2440 qui
1370 2353 1546 2419 translatus
1570 2353 1605 2417 in

560 2454 714 2532 Graeonm,
726 2454 864 2519 habetur
876 2476 898 2519 a
913 2453 1030 2519 multis.
1061 2454 1184 2521 (ilaruit
1198 2457 1257 2520 sub
1269 2457 1470 2541 Imperatore
1484 2455 1603 2534 Probo,

560 2554 612 2639 qui
628 2548 802 2620 Aureliano
816 2561 850 2620 et
866 2554 979 2621 Taeito
993 2561 1200 2621 successerat.

994 2794 1163 2814 β

601 2974 839 3041 AROHELAI
864 2976 1052 3061 Disputatio
1074 2998 1146 3041 oum
1170 2976 1303 3042 Manete
1327 2996 1391 3040 non
1414 2982 1542 3040 tantum
1566 2974 1598 3040 S.

562 3076 758 3162 Hieronymo
781 3083 859 3142 nota
872 3076 943 3151 fuit,
959 3077 1125 3142 sedetiam
1140 3099 1161 3142 a
1176 3078 1209 3142 S.
1223 3076 1412 3163 Epiphanio,
1429 3097 1470 3141 ne
1484 3096 1601 3140 memo·

561 3198 625 3242 rem
636 3178 716 3245 alios
730 3178 910 3265 seriptores,
923 3185 1076 3265 exoerpta
1086 3186 1146 3243 est.
1186 3179 1338 3245 Veterem
1353 3179 1435 3244 hano
1448 3178 1602 3243 Latinam

562 3288 860 3375 interpretationem
869 3297 942 3374 post
953 3289 1148 3374 Zaeagnium
1159 3289 1375 3375 repetiverunt
1385 3286 1603 3354 Fabrieiusad

563 3392 693 3475 Operum
705 3394 743 3457 S.
756 3391 923 3476 Hippolyti
936 3390 1066 3469 ouleom,
1081 3390 1190 3456 Mansi
1206 3390 1238 3454 in
1253 3390 1354 3454 Tomo
1369 3390 1479 3453 Primo
1497 3389 1601 3454 00ηοὶ-

561 3490 677 3570 lenm,
693 3499 727 3558 et
741 3492 927 3558 Gallandius
941 3492 973 3556 in
989 3493 1090 3557 Tomo
1108 3494 1179 3557 111.
1198 3491 1390 3558 Bibliotheca
1404 3491 1567 3575 Petram]

1059 3618 1076 3657 e
1095 3615 1112 3660 2
