<?xml version="1.0" encoding="UTF-8"?>
<!DOCTYPE html PUBLIC "-//W3C//DTD XHTML 1.0 Transitional//EN"
    "http://www.w3.org/TR/xhtml1/DTD/xhtml1-transitional.dtd">
<html xmlns="http://www.w3.org/1999/xhtml" xml:lang="en" lang="en">
 <head>
  <title>
</title>
<meta http-equiv="Content-Type" content="text/html;charset=utf-8" />
  <meta name='ocr-system' content='tesseract 3.04.00' />
  <meta name='ocr-capabilities' content='ocr_page ocr_carea ocr_par ocr_line ocrx_word'/>
</head>
<body>
  <div class='ocr_page' id='page_1' title='image "./reliquiaesacrae05routgoog_0098.png"; bbox 0 0 3900 5167; ppageno 0'>
   <div class='ocr_carea' id='block_1_1' title="bbox 450 456 1273 526">
    <p class='ocr_par' dir='ltr' id='par_1_1' title="bbox 450 456 1273 526">
     <span class='ocr_line' id='line_1_1' title="bbox 450 456 1273 526; baseline -0.007 1"><span class='ocrx_word' id='word_1_1' title='bbox 450 460 494 526; x_wconf 79' lang='lat'>86</span> <span class='ocrx_word' id='word_1_2' title='bbox 682 460 937 526; x_wconf 82' lang='lat' dir='ltr'>ARCHELAI</span> <span class='ocrx_word' id='word_1_3' title='bbox 961 459 1025 523; x_wconf 86' lang='lat' dir='ltr'>ET</span> <span class='ocrx_word' id='word_1_4' title='bbox 1050 456 1273 523; x_wconf 81' lang='lat' dir='ltr'><strong>MANETIS</strong></span> 
     </span>
    </p>
   </div>
   <div class='ocr_carea' id='block_1_2' title="bbox 450 623 1503 1069">
    <p class='ocr_par' dir='ltr' id='par_1_2' title="bbox 450 623 1503 1069">
     <span class='ocr_line' id='line_1_2' title="bbox 450 623 1501 729; baseline -0.006 -23"><span class='ocrx_word' id='word_1_5' title='bbox 450 636 729 729; x_wconf 81' lang='lat' dir='ltr'>obtemperasset</span> <span class='ocrx_word' id='word_1_6' title='bbox 757 636 878 713; x_wconf 87' lang='lat' dir='ltr'>homo,</span> <span class='ocrx_word' id='word_1_7' title='bbox 904 656 975 725; x_wconf 93' lang='lat' dir='ltr'>qua</span> <span class='ocrx_word' id='word_1_8' title='bbox 1004 655 1050 702; x_wconf 86' lang='lat' dir='ltr'>ex</span> <span class='ocrx_word' id='word_1_9' title='bbox 1078 654 1183 702; x_wconf 90' lang='lat' dir='ltr'>eausa</span> <span class='ocrx_word' id='word_1_10' title='bbox 1210 626 1325 701; x_wconf 86' lang='lat' dir='ltr'>malus</span> <span class='ocrx_word' id='word_1_11' title='bbox 1354 623 1501 701; x_wconf 68' lang='lat' dir='ltr'>fuimet&#39;i</span> 
     </span>
     <span class='ocr_line' id='line_1_3' title="bbox 451 745 1502 842; baseline -0.004 -24"><span class='ocrx_word' id='word_1_12' title='bbox 451 749 554 833; x_wconf 89' lang='lat' dir='ltr'>Quod</span> <span class='ocrx_word' id='word_1_13' title='bbox 583 749 611 819; x_wconf 91' lang='lat' dir='ltr'>si</span> <span class='ocrx_word' id='word_1_14' title='bbox 639 750 838 842; x_wconf 85' lang='lat' dir='ltr'>ingenitum</span> <span class='ocrx_word' id='word_1_15' title='bbox 866 757 921 818; x_wconf 87' lang='lat' dir='ltr'>est</span> <span class='ocrx_word' id='word_1_16' title='bbox 949 746 1104 829; x_wconf 89' lang='lat' dir='ltr'>malum;</span> <span class='ocrx_word' id='word_1_17' title='bbox 1131 754 1169 816; x_wconf 89' lang='lat' dir='ltr'>et</span> <span class='ocrx_word' id='word_1_18' title='bbox 1192 745 1373 837; x_wconf 90' lang='lat' dir='ltr'>quomodo</span> <span class='ocrx_word' id='word_1_19' title='bbox 1394 746 1502 816; x_wconf 88' lang='lat' dir='ltr'>iuter-</span> 
     </span>
     <span class='ocr_line' id='line_1_4' title="bbox 450 858 1501 953; baseline -0.007 -17"><span class='ocrx_word' id='word_1_20' title='bbox 450 868 535 936; x_wconf 92' lang='lat' dir='ltr'>dum</span> <span class='ocrx_word' id='word_1_21' title='bbox 552 864 659 935; x_wconf 90' lang='lat' dir='ltr'>homo</span> <span class='ocrx_word' id='word_1_22' title='bbox 673 865 796 934; x_wconf 85' lang='lat' dir='ltr'>fortior</span> <span class='ocrx_word' id='word_1_23' title='bbox 813 862 874 933; x_wconf 92' lang='lat' dir='ltr'>illo</span> <span class='ocrx_word' id='word_1_24' title='bbox 891 862 1099 933; x_wconf 84' lang='lat' dir='ltr'>invenitur?</span> <span class='ocrx_word' id='word_1_25' title='bbox 1127 858 1389 953; x_wconf 87' lang='lat' dir='ltr'>Obtemperans</span> <span class='ocrx_word' id='word_1_26' title='bbox 1406 860 1501 929; x_wconf 90' lang='lat' dir='ltr'>enim</span> 
     </span>
     <span class='ocr_line' id='line_1_5' title="bbox 450 974 1503 1069; baseline -0.005 -19"><span class='ocrx_word' id='word_1_27' title='bbox 450 981 618 1050; x_wconf 92' lang='lat' dir='ltr'>mandato</span> <span class='ocrx_word' id='word_1_28' title='bbox 630 978 705 1049; x_wconf 89' lang='lat' dir='ltr'>Dei</span> <span class='ocrx_word' id='word_1_29' title='bbox 723 978 927 1069; x_wconf 83' lang='lat' dir='ltr'>frequenter</span> <span class='ocrx_word' id='word_1_30' title='bbox 943 978 1063 1047; x_wconf 81' lang='lat' dir='ltr'>vincet</span> <span class='ocrx_word' id='word_1_31' title='bbox 1080 997 1222 1047; x_wconf 90' lang='lat' dir='ltr'>omnem</span> <span class='ocrx_word' id='word_1_32' title='bbox 1245 975 1393 1047; x_wconf 73' lang='lat' dir='ltr'>malitiae</span> <span class='ocrx_word' id='word_1_33' title='bbox 1412 974 1503 1046; x_wconf 86' lang='lat' dir='ltr'>radi·</span> 
     </span>
    </p>
   </div>
   <div class='ocr_carea' id='block_1_3' title="bbox 315 1078 1503 1184">
    <p class='ocr_par' dir='ltr' id='par_1_3' title="bbox 315 1078 1503 1184">
     <span class='ocr_line' id='line_1_6' title="bbox 315 1078 1503 1184; baseline -0.008 -17"><span class='ocrx_word' id='word_1_34' title='bbox 315 1078 321 1092; x_wconf 48' lang='lat'>⁵</span> <span class='ocrx_word' id='word_1_35' title='bbox 451 1117 552 1179; x_wconf 81' lang='lat' dir='ltr'>eem3</span> <span class='ocrx_word' id='word_1_36' title='bbox 580 1103 618 1163; x_wconf 92' lang='lat' dir='ltr'>et</span> <span class='ocrx_word' id='word_1_37' title='bbox 634 1093 822 1163; x_wconf 81' lang='lat' dir='ltr'>ridiculum</span> <span class='ocrx_word' id='word_1_38' title='bbox 840 1104 904 1175; x_wconf 79' lang='lat' dir='ltr'>est,</span> <span class='ocrx_word' id='word_1_39' title='bbox 923 1093 953 1163; x_wconf 93' lang='lat' dir='ltr'>si</span> <span class='ocrx_word' id='word_1_40' title='bbox 976 1093 1046 1164; x_wconf 89' lang='lat' dir='ltr'>iste</span> <span class='ocrx_word' id='word_1_41' title='bbox 1063 1093 1124 1184; x_wconf 92' lang='lat' dir='ltr'>qui</span> <span class='ocrx_word' id='word_1_42' title='bbox 1142 1091 1278 1162; x_wconf 80' lang='lat' dir='ltr'>factura</span> <span class='ocrx_word' id='word_1_43' title='bbox 1295 1098 1361 1173; x_wconf 88' lang='lat' dir='ltr'>est,</span> <span class='ocrx_word' id='word_1_44' title='bbox 1379 1089 1503 1160; x_wconf 87' lang='lat' dir='ltr'>fortior</span> 
     </span>
    </p>
   </div>
   <div class='ocr_carea' id='block_1_4' title="bbox 361 1205 1508 4297">
    <p class='ocr_par' dir='ltr' id='par_1_4' title="bbox 361 1205 1508 4297">
     <span class='ocr_line' id='line_1_7' title="bbox 451 1205 1504 1299; baseline -0.006 -18"><span class='ocrx_word' id='word_1_45' title='bbox 451 1210 651 1282; x_wconf 88' lang='lat' dir='ltr'>inveniatur</span> <span class='ocrx_word' id='word_1_46' title='bbox 667 1209 836 1299; x_wconf 85' lang='lat' dir='ltr'>ingenito.</span> <span class='ocrx_word' id='word_1_47' title='bbox 887 1206 998 1299; x_wconf 81' lang='lat' dir='ltr'>Cujus</span> <span class='ocrx_word' id='word_1_48' title='bbox 1015 1216 1136 1278; x_wconf 88' lang='lat' dir='ltr'>autem</span> <span class='ocrx_word' id='word_1_49' title='bbox 1154 1215 1209 1277; x_wconf 90' lang='lat' dir='ltr'>est</span> <span class='ocrx_word' id='word_1_50' title='bbox 1225 1206 1285 1276; x_wconf 90' lang='lat' dir='ltr'>lex</span> <span class='ocrx_word' id='word_1_51' title='bbox 1303 1215 1342 1275; x_wconf 90' lang='lat' dir='ltr'>et</span> <span class='ocrx_word' id='word_1_52' title='bbox 1358 1205 1504 1276; x_wconf 80' lang='lat' dir='ltr'>manda-</span> 
     </span>
     <span class='ocr_line' id='line_1_8' title="bbox 452 1320 1502 1415; baseline -0.006 -19"><span class='ocrx_word' id='word_1_53' title='bbox 452 1335 541 1406; x_wconf 91' lang='lat' dir='ltr'>tum,</span> <span class='ocrx_word' id='word_1_54' title='bbox 560 1324 647 1394; x_wconf 92' lang='lat' dir='ltr'>illud</span> <span class='ocrx_word' id='word_1_55' title='bbox 668 1325 757 1406; x_wconf 89' lang='lat' dir='ltr'>dieo,</span> <span class='ocrx_word' id='word_1_56' title='bbox 775 1324 869 1415; x_wconf 91' lang='lat' dir='ltr'>qnod</span> <span class='ocrx_word' id='word_1_57' title='bbox 887 1322 1021 1392; x_wconf 91' lang='lat' dir='ltr'>homini</span> <span class='ocrx_word' id='word_1_58' title='bbox 1040 1323 1163 1394; x_wconf 88' lang='lat' dir='ltr'>datum</span> <span class='ocrx_word' id='word_1_59' title='bbox 1181 1320 1259 1393; x_wconf 79' lang='lat' dir='ltr'>esti</span> <span class='ocrx_word' id='word_1_60' title='bbox 1290 1320 1378 1391; x_wconf 86' lang='lat' dir='ltr'>Sine</span> <span class='ocrx_word' id='word_1_61' title='bbox 1395 1321 1502 1392; x_wconf 89' lang='lat' dir='ltr'>dnbio</span> 
     </span>
     <span class='ocr_line' id='line_1_9' title="bbox 453 1436 1502 1529; baseline -0.006 -17"><span class='ocrx_word' id='word_1_62' title='bbox 453 1440 680 1512; x_wconf 83' lang='lat' dir='ltr'>confitebitur</span> <span class='ocrx_word' id='word_1_63' title='bbox 698 1438 766 1508; x_wconf 90' lang='lat' dir='ltr'>Dei</span> <span class='ocrx_word' id='word_1_64' title='bbox 784 1461 870 1508; x_wconf 86' lang='lat' dir='ltr'>esse.</span> <span class='ocrx_word' id='word_1_65' title='bbox 923 1437 971 1507; x_wconf 88' lang='lat' dir='ltr'>Et</span> <span class='ocrx_word' id='word_1_66' title='bbox 996 1438 1174 1529; x_wconf 90' lang='lat' dir='ltr'>quomodo</span> <span class='ocrx_word' id='word_1_67' title='bbox 1199 1445 1319 1529; x_wconf 89' lang='lat' dir='ltr'>potest</span> <span class='ocrx_word' id='word_1_68' title='bbox 1342 1438 1419 1508; x_wconf 89' lang='lat' dir='ltr'>dari</span> <span class='ocrx_word' id='word_1_69' title='bbox 1442 1436 1502 1507; x_wconf 84' lang='lat' dir='ltr'>lex</span> 
     </span>
     <span class='ocr_line' id='line_1_10' title="bbox 453 1551 1501 1646; baseline -0.006 -17"><span class='ocrx_word' id='word_1_70' title='bbox 453 1557 589 1629; x_wconf 72' lang='lat' dir='ltr'>alieno?</span> <span class='ocrx_word' id='word_1_71' title='bbox 624 1564 687 1626; x_wconf 91' lang='lat' dir='ltr'>aut</span> <span class='ocrx_word' id='word_1_72' title='bbox 716 1555 860 1624; x_wconf 84' lang='lat' dir='ltr'>inimico</span> <span class='ocrx_word' id='word_1_73' title='bbox 890 1554 969 1646; x_wconf 90' lang='lat' dir='ltr'>quis</span> <span class='ocrx_word' id='word_1_74' title='bbox 1001 1561 1120 1645; x_wconf 92' lang='lat' dir='ltr'>potest</span> <span class='ocrx_word' id='word_1_75' title='bbox 1147 1553 1231 1623; x_wconf 89' lang='lat' dir='ltr'>dare</span> <span class='ocrx_word' id='word_1_76' title='bbox 1256 1551 1501 1646; x_wconf 78' lang='lat' dir='ltr'>praeeeptuml</span> 
     </span>
     <span class='ocr_line' id='line_1_11' title="bbox 452 1668 1502 1762; baseline -0.004 -19"><span class='ocrx_word' id='word_1_77' title='bbox 452 1672 532 1743; x_wconf 91' lang='lat' dir='ltr'>Aut</span> <span class='ocrx_word' id='word_1_78' title='bbox 548 1671 619 1752; x_wconf 91' lang='lat' dir='ltr'>ille,</span> <span class='ocrx_word' id='word_1_79' title='bbox 637 1672 697 1762; x_wconf 91' lang='lat' dir='ltr'>qui</span> <span class='ocrx_word' id='word_1_80' title='bbox 716 1670 844 1761; x_wconf 81' lang='lat' dir='ltr'>accipit</span> <span class='ocrx_word' id='word_1_81' title='bbox 868 1678 1092 1761; x_wconf 81' lang='lat' dir='ltr'>praeceptum,</span> <span class='ocrx_word' id='word_1_82' title='bbox 1111 1670 1289 1761; x_wconf 91' lang='lat' dir='ltr'>quomodo</span> <span class='ocrx_word' id='word_1_83' title='bbox 1306 1677 1428 1761; x_wconf 87' lang='lat' dir='ltr'>potest</span> <span class='ocrx_word' id='word_1_84' title='bbox 1443 1668 1502 1739; x_wconf 86' lang='lat' dir='ltr'>ad·</span> 
     </span>
     <span class='ocr_line' id='line_1_12' title="bbox 454 1784 1501 1889; baseline -0.001 -35"><span class='ocrx_word' id='word_1_85' title='bbox 454 1809 573 1857; x_wconf 86' lang='lat' dir='ltr'>versus</span> <span class='ocrx_word' id='word_1_86' title='bbox 598 1784 801 1866; x_wconf 83' lang='lat' dir='ltr'>Diabolum,</span> <span class='ocrx_word' id='word_1_87' title='bbox 826 1784 861 1853; x_wconf 90' lang='lat' dir='ltr'>id</span> <span class='ocrx_word' id='word_1_88' title='bbox 891 1792 954 1865; x_wconf 93' lang='lat' dir='ltr'>est,</span> <span class='ocrx_word' id='word_1_89' title='bbox 981 1784 1147 1855; x_wconf 89' lang='lat' dir='ltr'>adversus</span> <span class='ocrx_word' id='word_1_90' title='bbox 1174 1792 1369 1854; x_wconf 76' lang='lat' dir='ltr'>creatorem</span> <span class='ocrx_word' id='word_1_91' title='bbox 1391 1806 1501 1889; x_wconf 34' lang='lat' dir='ltr'>&#39;suum</span> 
     </span>
     <span class='ocr_line' id='line_1_13' title="bbox 453 1898 1501 1992; baseline -0.003 -22"><span class='ocrx_word' id='word_1_92' title='bbox 453 1922 620 1992; x_wconf 86' lang='lat' dir='ltr'>pugnare,</span> <span class='ocrx_word' id='word_1_93' title='bbox 643 1910 812 1989; x_wconf 88' lang='lat' dir='ltr'>tanquam</span> <span class='ocrx_word' id='word_1_94' title='bbox 840 1900 868 1969; x_wconf 89' lang='lat' dir='ltr'>si</span> <span class='ocrx_word' id='word_1_95' title='bbox 894 1898 988 1968; x_wconf 90' lang='lat' dir='ltr'>filius</span> <span class='ocrx_word' id='word_1_96' title='bbox 1014 1899 1116 1990; x_wconf 87' lang='lat' dir='ltr'>patri,</span> <span class='ocrx_word' id='word_1_97' title='bbox 1143 1920 1224 1967; x_wconf 89' lang='lat' dir='ltr'>eum</span> <span class='ocrx_word' id='word_1_98' title='bbox 1250 1898 1501 1970; x_wconf 77' lang='lat' dir='ltr'>beneficiorum</span> 
     </span>
     <span class='ocr_line' id='line_1_14' title="bbox 454 2011 1501 2108; baseline -0.002 -23"><span class='ocrx_word' id='word_1_99' title='bbox 454 2016 594 2085; x_wconf 89' lang='lat' dir='ltr'>debitor</span> <span class='ocrx_word' id='word_1_100' title='bbox 610 2016 666 2096; x_wconf 90' lang='lat' dir='ltr'>sit,</span> <span class='ocrx_word' id='word_1_101' title='bbox 683 2016 836 2108; x_wconf 79' lang='lat' dir='ltr'>irrogare</span> <span class='ocrx_word' id='word_1_102' title='bbox 852 2013 940 2083; x_wconf 88' lang='lat' dir='ltr'>velit</span> <span class='ocrx_word' id='word_1_103' title='bbox 957 2014 1127 2106; x_wconf 72' lang='lat' dir='ltr'>injurias?</span> <span class='ocrx_word' id='word_1_104' title='bbox 1171 2012 1229 2084; x_wconf 92' lang='lat' dir='ltr'>Ita</span> <span class='ocrx_word' id='word_1_105' title='bbox 1253 2014 1291 2083; x_wconf 93' lang='lat' dir='ltr'>in</span> <span class='ocrx_word' id='word_1_106' title='bbox 1311 2011 1380 2083; x_wconf 87' lang='lat' dir='ltr'>hae</span> <span class='ocrx_word' id='word_1_107' title='bbox 1403 2023 1501 2107; x_wconf 87' lang='lat' dir='ltr'>parte</span> 
     </span>
     <span class='ocr_line' id='line_1_15' title="bbox 456 2129 1503 2222; baseline -0.001 -22"><span class='ocrx_word' id='word_1_108' title='bbox 456 2131 702 2200; x_wconf 88' lang='lat' dir='ltr'>&#39;inutilitatem</span> <span class='ocrx_word' id='word_1_109' title='bbox 719 2129 871 2199; x_wconf 87' lang='lat' dir='ltr'>bominis</span> <span class='ocrx_word' id='word_1_110' title='bbox 889 2130 1061 2222; x_wconf 83' lang='lat' dir='ltr'>designas,</span> <span class='ocrx_word' id='word_1_111' title='bbox 1079 2129 1109 2199; x_wconf 80' lang='lat' dir='ltr'>si</span> <span class='ocrx_word' id='word_1_112' title='bbox 1132 2152 1195 2221; x_wconf 90' lang='lat' dir='ltr'>per</span> <span class='ocrx_word' id='word_1_113' title='bbox 1215 2129 1331 2222; x_wconf 84' lang='lat' dir='ltr'>legem</span> <span class='ocrx_word' id='word_1_114' title='bbox 1349 2139 1388 2199; x_wconf 90' lang='lat' dir='ltr'>et</span> <span class='ocrx_word' id='word_1_115' title='bbox 1407 2152 1503 2200; x_wconf 91' lang='lat' dir='ltr'>man-</span> 
     </span>
     <span class='ocr_line' id='line_1_16' title="bbox 455 2243 1502 2338; baseline -0.002 -21"><span class='ocrx_word' id='word_1_116' title='bbox 455 2248 577 2317; x_wconf 88' lang='lat' dir='ltr'>datum</span> <span class='ocrx_word' id='word_1_117' title='bbox 605 2245 771 2316; x_wconf 86' lang='lat' dir='ltr'>adversus</span> <span class='ocrx_word' id='word_1_118' title='bbox 800 2269 892 2327; x_wconf 91' lang='lat' dir='ltr'>eum,</span> <span class='ocrx_word' id='word_1_119' title='bbox 919 2245 980 2336; x_wconf 89' lang='lat' dir='ltr'>qui</span> <span class='ocrx_word' id='word_1_120' title='bbox 1007 2243 1245 2337; x_wconf 89' lang='lat' dir='ltr'>plasmaverit,</span> <span class='ocrx_word' id='word_1_121' title='bbox 1265 2245 1371 2327; x_wconf 86' lang='lat' dir='ltr'>dieat,</span> <span class='ocrx_word' id='word_1_122' title='bbox 1397 2255 1502 2338; x_wconf 89' lang='lat' dir='ltr'>atque</span> 
     </span>
     <span class='ocr_line' id='line_1_17' title="bbox 455 2360 1503 2434; baseline -0.001 0"><span class='ocrx_word' id='word_1_123' title='bbox 455 2386 536 2434; x_wconf 86' lang='lat' dir='ltr'>eum</span> <span class='ocrx_word' id='word_1_124' title='bbox 562 2364 701 2432; x_wconf 82' lang='lat' dir='ltr'>vincere</span> <span class='ocrx_word' id='word_1_125' title='bbox 728 2368 886 2431; x_wconf 88' lang='lat' dir='ltr'>conetur.</span> <span class='ocrx_word' id='word_1_126' title='bbox 938 2360 982 2430; x_wconf 95' lang='lat' dir='ltr'>In</span> <span class='ocrx_word' id='word_1_127' title='bbox 1009 2370 1151 2431; x_wconf 88' lang='lat' dir='ltr'>tantum</span> <span class='ocrx_word' id='word_1_128' title='bbox 1180 2361 1274 2430; x_wconf 90' lang='lat' dir='ltr'>enim</span> <span class='ocrx_word' id='word_1_129' title='bbox 1300 2361 1503 2434; x_wconf 76' lang='lat' dir='ltr'>stoliditatis</span> 
     </span>
     <span class='ocr_line' id='line_1_18' title="bbox 455 2475 1502 2572; baseline 0 -23"><span class='ocrx_word' id='word_1_130' title='bbox 455 2500 677 2572; x_wconf 86' lang='lat' dir='ltr'>progressum</span> <span class='ocrx_word' id='word_1_131' title='bbox 702 2499 778 2547; x_wconf 90' lang='lat' dir='ltr'>esse</span> <span class='ocrx_word' id='word_1_132' title='bbox 803 2478 918 2568; x_wconf 92' lang='lat' dir='ltr'>ipsum</span> <span class='ocrx_word' id='word_1_133' title='bbox 947 2475 1140 2547; x_wconf 92' lang='lat' dir='ltr'>Diabolum</span> <span class='ocrx_word' id='word_1_134' title='bbox 1165 2476 1381 2568; x_wconf 91' lang='lat' dir='ltr'>putabimus,</span> <span class='ocrx_word' id='word_1_135' title='bbox 1408 2478 1502 2571; x_wconf 91' lang='lat' dir='ltr'>quod</span> 
     </span>
     <span class='ocr_line' id='line_1_19' title="bbox 455 2592 1508 2674; baseline -0.001 -10"><span class='ocrx_word' id='word_1_136' title='bbox 455 2595 640 2665; x_wconf 90' lang='lat' dir='ltr'>adversum</span> <span class='ocrx_word' id='word_1_137' title='bbox 658 2616 696 2663; x_wconf 90' lang='lat' dir='ltr'>se</span> <span class='ocrx_word' id='word_1_138' title='bbox 712 2592 891 2661; x_wconf 90' lang='lat' dir='ltr'>hominem</span> <span class='ocrx_word' id='word_1_139' title='bbox 906 2592 1032 2662; x_wconf 80' lang='lat' dir='ltr'>fecisse</span> <span class='ocrx_word' id='word_1_140' title='bbox 1049 2614 1118 2661; x_wconf 93' lang='lat' dir='ltr'>non</span> <span class='ocrx_word' id='word_1_141' title='bbox 1137 2593 1296 2674; x_wconf 88' lang='lat' dir='ltr'>senserit,</span> <span class='ocrx_word' id='word_1_142' title='bbox 1310 2615 1377 2663; x_wconf 89' lang='lat' dir='ltr'>neo</span> <span class='ocrx_word' id='word_1_143' title='bbox 1392 2594 1508 2665; x_wconf 82' lang='lat' dir='ltr'>anim-</span> 
     </span>
     <span class='ocr_line' id='line_1_20' title="bbox 455 2706 1503 2802; baseline -0.001 -22"><span class='ocrx_word' id='word_1_144' title='bbox 455 2710 648 2781; x_wconf 88' lang='lat' dir='ltr'>adverterit</span> <span class='ocrx_word' id='word_1_145' title='bbox 677 2707 762 2799; x_wconf 92' lang='lat' dir='ltr'>quid</span> <span class='ocrx_word' id='word_1_146' title='bbox 789 2706 949 2776; x_wconf 86' lang='lat' dir='ltr'>futurum</span> <span class='ocrx_word' id='word_1_147' title='bbox 980 2716 1082 2789; x_wconf 90' lang='lat' dir='ltr'>esset,</span> <span class='ocrx_word' id='word_1_148' title='bbox 1109 2729 1175 2776; x_wconf 90' lang='lat' dir='ltr'>nee</span> <span class='ocrx_word' id='word_1_149' title='bbox 1200 2708 1394 2799; x_wconf 85' lang='lat' dir='ltr'>providerit</span> <span class='ocrx_word' id='word_1_150' title='bbox 1421 2709 1503 2802; x_wconf 89' lang='lat' dir='ltr'>quid</span> 
     </span>
     <span class='ocr_line' id='line_1_21' title="bbox 457 2822 1503 2917; baseline 0 -21"><span class='ocrx_word' id='word_1_151' title='bbox 457 2825 691 2917; x_wconf 82' lang='lat' dir='ltr'>sequebatur3</span> <span class='ocrx_word' id='word_1_152' title='bbox 717 2846 798 2893; x_wconf 88' lang='lat' dir='ltr'>eum</span> <span class='ocrx_word' id='word_1_153' title='bbox 823 2823 930 2891; x_wconf 88' lang='lat' dir='ltr'>etiam</span> <span class='ocrx_word' id='word_1_154' title='bbox 954 2823 991 2891; x_wconf 91' lang='lat' dir='ltr'>in</span> <span class='ocrx_word' id='word_1_155' title='bbox 1013 2823 1123 2906; x_wconf 90' lang='lat' dir='ltr'>nobis,</span> <span class='ocrx_word' id='word_1_156' title='bbox 1143 2824 1201 2914; x_wconf 91' lang='lat' dir='ltr'>qui</span> <span class='ocrx_word' id='word_1_157' title='bbox 1221 2822 1358 2895; x_wconf 79' lang='lat' dir='ltr'>factura</span> <span class='ocrx_word' id='word_1_158' title='bbox 1374 2848 1503 2909; x_wconf 91' lang='lat' dir='ltr'>sumus,</span> 
     </span>
     <span class='ocr_line' id='line_1_22' title="bbox 457 2938 1505 3033; baseline 0.001 -22"><span class='ocrx_word' id='word_1_159' title='bbox 457 2943 503 3011; x_wconf 91' lang='lat' dir='ltr'>sit</span> <span class='ocrx_word' id='word_1_160' title='bbox 520 2942 637 3032; x_wconf 88' lang='lat' dir='ltr'>aliqua</span> <span class='ocrx_word' id='word_1_161' title='bbox 653 2938 708 3009; x_wconf 92' lang='lat' dir='ltr'>vel</span> <span class='ocrx_word' id='word_1_162' title='bbox 727 2962 835 3032; x_wconf 87' lang='lat' dir='ltr'>parva</span> <span class='ocrx_word' id='word_1_163' title='bbox 851 2940 1009 3021; x_wconf 88' lang='lat' dir='ltr'>seientia,</span> <span class='ocrx_word' id='word_1_164' title='bbox 1027 2939 1120 3007; x_wconf 92' lang='lat' dir='ltr'>inest</span> <span class='ocrx_word' id='word_1_165' title='bbox 1143 2948 1181 3007; x_wconf 90' lang='lat' dir='ltr'>et</span> <span class='ocrx_word' id='word_1_166' title='bbox 1203 2938 1334 3031; x_wconf 92' lang='lat' dir='ltr'>aliquid</span> <span class='ocrx_word' id='word_1_167' title='bbox 1353 2942 1505 3033; x_wconf 88' lang='lat' dir='ltr'>pruden-</span> 
     </span>
     <span class='ocr_line' id='line_1_23' title="bbox 458 3054 1506 3149; baseline 0.003 -24"><span class='ocrx_word' id='word_1_168' title='bbox 458 3056 525 3138; x_wconf 86' lang='lat' dir='ltr'>tiae,</span> <span class='ocrx_word' id='word_1_169' title='bbox 544 3065 581 3125; x_wconf 89' lang='lat' dir='ltr'>et</span> <span class='ocrx_word' id='word_1_170' title='bbox 603 3055 874 3124; x_wconf 84' lang='lat' dir='ltr'>existimationis</span> <span class='ocrx_word' id='word_1_171' title='bbox 895 3076 1146 3145; x_wconf 89' lang='lat' dir='ltr'>nonnunquam</span> <span class='ocrx_word' id='word_1_172' title='bbox 1173 3054 1301 3125; x_wconf 76' lang='lat' dir='ltr'>eertae?</span> <span class='ocrx_word' id='word_1_173' title='bbox 1345 3056 1394 3127; x_wconf 85' lang='lat' dir='ltr'>Et</span> <span class='ocrx_word' id='word_1_174' title='bbox 1420 3082 1506 3149; x_wconf 90' lang='lat' dir='ltr'>quo·</span> 
     </span>
     <span class='ocr_line' id='line_1_24' title="bbox 457 3169 1505 3263; baseline 0.003 -23"><span class='ocrx_word' id='word_1_175' title='bbox 457 3171 564 3240; x_wconf 91' lang='lat' dir='ltr'>modo</span> <span class='ocrx_word' id='word_1_176' title='bbox 582 3172 738 3263; x_wconf 85' lang='lat' dir='ltr'>ingenito</span> <span class='ocrx_word' id='word_1_177' title='bbox 752 3193 797 3239; x_wconf 87' lang='lat' dir='ltr'>ne</span> <span class='ocrx_word' id='word_1_178' title='bbox 811 3170 980 3261; x_wconf 87' lang='lat' dir='ltr'>exiguum</span> <span class='ocrx_word' id='word_1_179' title='bbox 996 3169 1140 3260; x_wconf 91' lang='lat' dir='ltr'>quidem</span> <span class='ocrx_word' id='word_1_180' title='bbox 1155 3170 1385 3261; x_wconf 82' lang='lat' dir='ltr'>providentiae</span> <span class='ocrx_word' id='word_1_181' title='bbox 1398 3172 1505 3243; x_wconf 87' lang='lat' dir='ltr'>fuisse</span> 
     </span>
     <span class='ocr_line' id='line_1_25' title="bbox 458 3285 1505 3375; baseline 0.003 -20"><span class='ocrx_word' id='word_1_182' title='bbox 458 3286 642 3367; x_wconf 88' lang='lat' dir='ltr'>eredimus,</span> <span class='ocrx_word' id='word_1_183' title='bbox 659 3307 775 3375; x_wconf 88' lang='lat' dir='ltr'>neque</span> <span class='ocrx_word' id='word_1_184' title='bbox 801 3285 1083 3367; x_wconf 83' lang='lat' dir='ltr'>existimationis,</span> <span class='ocrx_word' id='word_1_185' title='bbox 1107 3294 1169 3354; x_wconf 87' lang='lat' dir='ltr'>aut</span> <span class='ocrx_word' id='word_1_186' title='bbox 1195 3285 1418 3369; x_wconf 64' lang='lat' dir='ltr'>intellectum</span> <span class='ocrx_word' id='word_1_187' title='bbox 1445 3288 1505 3358; x_wconf 84' lang='lat' dir='ltr'>sed</span> 
     </span>
     <span class='ocr_line' id='line_1_26' title="bbox 458 3398 1505 3483; baseline 0.003 -12"><span class='ocrx_word' id='word_1_188' title='bbox 458 3401 680 3472; x_wconf 90' lang='lat' dir='ltr'>brutissimus</span> <span class='ocrx_word' id='word_1_189' title='bbox 705 3422 818 3481; x_wconf 87' lang='lat' dir='ltr'>sensu,</span> <span class='ocrx_word' id='word_1_190' title='bbox 845 3407 883 3468; x_wconf 93' lang='lat' dir='ltr'>et</span> <span class='ocrx_word' id='word_1_191' title='bbox 910 3398 1124 3469; x_wconf 87' lang='lat' dir='ltr'>obtusissimi</span> <span class='ocrx_word' id='word_1_192' title='bbox 1155 3402 1278 3483; x_wconf 83' lang='lat' dir='ltr'>cordis,</span> <span class='ocrx_word' id='word_1_193' title='bbox 1302 3411 1340 3472; x_wconf 92' lang='lat' dir='ltr'>et</span> <span class='ocrx_word' id='word_1_194' title='bbox 1369 3412 1505 3475; x_wconf 86' lang='lat' dir='ltr'>naturae</span> 
     </span>
     <span class='ocr_line' id='line_1_27' title="bbox 458 3514 1504 3609; baseline 0.004 -24"><span class='ocrx_word' id='word_1_195' title='bbox 458 3516 593 3609; x_wconf 87' lang='lat' dir='ltr'>pecoris</span> <span class='ocrx_word' id='word_1_196' title='bbox 620 3516 807 3595; x_wconf 90' lang='lat' dir='ltr'>invenitur,</span> <span class='ocrx_word' id='word_1_197' title='bbox 835 3514 1029 3584; x_wconf 86' lang='lat' dir='ltr'>seeundum</span> <span class='ocrx_word' id='word_1_198' title='bbox 1061 3517 1301 3599; x_wconf 86' lang='lat' dir='ltr'>assertionem,</span> <span class='ocrx_word' id='word_1_199' title='bbox 1327 3517 1504 3600; x_wconf 86' lang='lat' dir='ltr'>videlicet,</span> 
     </span>
     <span class='ocr_line' id='line_1_28' title="bbox 458 3631 1506 3727; baseline 0.001 -25"><span class='ocrx_word' id='word_1_200' title='bbox 458 3642 568 3702; x_wconf 90' lang='lat' dir='ltr'>tuam.</span> <span class='ocrx_word' id='word_1_201' title='bbox 620 3631 725 3715; x_wconf 87' lang='lat' dir='ltr'>Quod</span> <span class='ocrx_word' id='word_1_202' title='bbox 751 3633 779 3699; x_wconf 90' lang='lat' dir='ltr'>si</span> <span class='ocrx_word' id='word_1_203' title='bbox 805 3631 856 3699; x_wconf 90' lang='lat' dir='ltr'>ita</span> <span class='ocrx_word' id='word_1_204' title='bbox 881 3637 956 3711; x_wconf 86' lang='lat' dir='ltr'>est;</span> <span class='ocrx_word' id='word_1_205' title='bbox 984 3632 1161 3721; x_wconf 89' lang='lat' dir='ltr'>quomodo</span> <span class='ocrx_word' id='word_1_206' title='bbox 1187 3632 1305 3715; x_wconf 87' lang='lat' dir='ltr'>horno,</span> <span class='ocrx_word' id='word_1_207' title='bbox 1322 3633 1382 3724; x_wconf 90' lang='lat' dir='ltr'>qui</span> <span class='ocrx_word' id='word_1_208' title='bbox 1409 3636 1506 3727; x_wconf 85' lang='lat' dir='ltr'>inge-</span> 
     </span>
     <span class='ocr_line' id='line_1_29' title="bbox 460 3742 1507 3836; baseline 0.001 -22"><span class='ocrx_word' id='word_1_209' title='bbox 460 3745 527 3827; x_wconf 89' lang='lat' dir='ltr'>nio,</span> <span class='ocrx_word' id='word_1_210' title='bbox 545 3754 653 3836; x_wconf 91' lang='lat' dir='ltr'>atque</span> <span class='ocrx_word' id='word_1_211' title='bbox 670 3744 817 3813; x_wconf 85' lang='lat' dir='ltr'>scientia</span> <span class='ocrx_word' id='word_1_212' title='bbox 833 3767 904 3813; x_wconf 93' lang='lat' dir='ltr'>non</span> <span class='ocrx_word' id='word_1_213' title='bbox 923 3767 1046 3834; x_wconf 89' lang='lat' dir='ltr'>parum</span> <span class='ocrx_word' id='word_1_214' title='bbox 1066 3742 1187 3834; x_wconf 91' lang='lat' dir='ltr'>pollet,</span> <span class='ocrx_word' id='word_1_215' title='bbox 1201 3745 1247 3814; x_wconf 93' lang='lat' dir='ltr'>ab</span> <span class='ocrx_word' id='word_1_216' title='bbox 1265 3768 1317 3825; x_wconf 92' lang='lat' dir='ltr'>eo,</span> <span class='ocrx_word' id='word_1_217' title='bbox 1332 3747 1391 3836; x_wconf 93' lang='lat' dir='ltr'>qui</span> <span class='ocrx_word' id='word_1_218' title='bbox 1409 3748 1507 3836; x_wconf 78' lang='lat' dir='ltr'>igna-</span> 
     </span>
     <span class='ocr_line' id='line_1_30' title="bbox 459 3858 1506 3952; baseline 0 -22"><span class='ocrx_word' id='word_1_219' title='bbox 459 3883 520 3930; x_wconf 90' lang='lat' dir='ltr'>rus</span> <span class='ocrx_word' id='word_1_220' title='bbox 539 3861 696 3929; x_wconf 90' lang='lat' dir='ltr'>omnium</span> <span class='ocrx_word' id='word_1_221' title='bbox 721 3866 827 3949; x_wconf 90' lang='lat' dir='ltr'>atque</span> <span class='ocrx_word' id='word_1_222' title='bbox 850 3858 960 3927; x_wconf 90' lang='lat' dir='ltr'>hebes</span> <span class='ocrx_word' id='word_1_223' title='bbox 986 3880 1089 3928; x_wconf 90' lang='lat' dir='ltr'>sensu</span> <span class='ocrx_word' id='word_1_224' title='bbox 1115 3867 1179 3938; x_wconf 89' lang='lat' dir='ltr'>est,</span> <span class='ocrx_word' id='word_1_225' title='bbox 1196 3858 1314 3949; x_wconf 90' lang='lat' dir='ltr'>potuit</span> <span class='ocrx_word' id='word_1_226' title='bbox 1330 3860 1506 3952; x_wconf 79' lang='lat' dir='ltr'>accepisse</span> 
     </span>
     <span class='ocr_line' id='line_1_31' title="bbox 460 3972 1506 4066; baseline -0.002 -20"><span class='ocrx_word' id='word_1_227' title='bbox 460 3972 717 4046; x_wconf 75' lang='lat' dir='ltr'>substantiam?</span> <span class='ocrx_word' id='word_1_228' title='bbox 756 3973 943 4057; x_wconf 87' lang='lat' dir='ltr'>Quomodo</span> <span class='ocrx_word' id='word_1_229' title='bbox 972 3973 1214 4064; x_wconf 83' lang='lat' dir='ltr'>hujuscemodi</span> <span class='ocrx_word' id='word_1_230' title='bbox 1239 3975 1393 4044; x_wconf 81' lang='lat' dir='ltr'>auctoris</span> <span class='ocrx_word' id='word_1_231' title='bbox 1420 3996 1506 4066; x_wconf 85' lang='lat' dir='ltr'>opus</span> 
     </span>
     <span class='ocr_line' id='line_1_32' title="bbox 460 4087 1505 4180; baseline -0.001 -22"><span class='ocrx_word' id='word_1_232' title='bbox 460 4111 536 4159; x_wconf 90' lang='lat' dir='ltr'>esse</span> <span class='ocrx_word' id='word_1_233' title='bbox 566 4089 744 4159; x_wconf 90' lang='lat' dir='ltr'>hominem</span> <span class='ocrx_word' id='word_1_234' title='bbox 778 4088 923 4158; x_wconf 90' lang='lat' dir='ltr'>audebit</span> <span class='ocrx_word' id='word_1_235' title='bbox 952 4087 1077 4180; x_wconf 89' lang='lat' dir='ltr'>aliquis</span> <span class='ocrx_word' id='word_1_236' title='bbox 1107 4089 1295 4160; x_wconf 76' lang='lat' dir='ltr'>confiteri?</span> <span class='ocrx_word' id='word_1_237' title='bbox 1338 4088 1442 4172; x_wconf 89' lang='lat' dir='ltr'>Quod</span> <span class='ocrx_word' id='word_1_238' title='bbox 1478 4090 1505 4158; x_wconf 94' lang='lat' dir='ltr'>si</span> 
     </span>
     <span class='ocr_line' id='line_1_33' title="bbox 361 4203 1506 4297; baseline 0 -24"><span class='ocrx_word' id='word_1_239' title='bbox 361 4228 364 4233; x_wconf 85' lang='lat'>·</span> <span class='ocrx_word' id='word_1_240' title='bbox 460 4204 566 4274; x_wconf 91' lang='lat' dir='ltr'>horno</span> <span class='ocrx_word' id='word_1_241' title='bbox 584 4206 700 4274; x_wconf 86' lang='lat' dir='ltr'>anime</span> <span class='ocrx_word' id='word_1_242' title='bbox 717 4215 781 4286; x_wconf 89' lang='lat' dir='ltr'>est,</span> <span class='ocrx_word' id='word_1_243' title='bbox 800 4214 838 4273; x_wconf 89' lang='lat' dir='ltr'>et</span> <span class='ocrx_word' id='word_1_244' title='bbox 855 4227 989 4295; x_wconf 87' lang='lat' dir='ltr'>eorpus,</span> <span class='ocrx_word' id='word_1_245' title='bbox 1008 4215 1045 4273; x_wconf 91' lang='lat' dir='ltr'>et</span> <span class='ocrx_word' id='word_1_246' title='bbox 1066 4227 1135 4272; x_wconf 93' lang='lat' dir='ltr'>non</span> <span class='ocrx_word' id='word_1_247' title='bbox 1157 4203 1270 4273; x_wconf 91' lang='lat' dir='ltr'>solum</span> <span class='ocrx_word' id='word_1_248' title='bbox 1288 4226 1415 4297; x_wconf 87' lang='lat' dir='ltr'>eorpus</span> <span class='ocrx_word' id='word_1_249' title='bbox 1431 4204 1506 4275; x_wconf 91' lang='lat' dir='ltr'>sine</span> 
     </span>
    </p>
   </div>
   <div class='ocr_carea' id='block_1_5' title="bbox 785 4388 1176 4458">
    <p class='ocr_par' dir='ltr' id='par_1_5' title="bbox 785 4388 1176 4458">
     <span class='ocr_line' id='line_1_34' title="bbox 785 4388 1176 4458; baseline 0.005 -18"><span class='ocrx_word' id='word_1_250' title='bbox 785 4393 792 4415; x_wconf 90' lang='lat'>¹</span> <span class='ocrx_word' id='word_1_251' title='bbox 808 4389 867 4458; x_wconf 77' lang='grc' dir='ltr'>(τὴν</span> <span class='ocrx_word' id='word_1_252' title='bbox 881 4389 1011 4442; x_wconf 62' lang='grc' dir='ltr'>εὔκλειαν</span> <span class='ocrx_word' id='word_1_253' title='bbox 1024 4388 1176 4458; x_wconf 73' lang='lat' dir='ltr'>vilitatem.)</span> 
     </span>
    </p>
   </div>
   <div class='ocr_carea' id='block_1_6' title="bbox 0 0 1965 5167">
    <p class='ocr_par' dir='ltr' id='par_1_6' title="bbox 0 0 1965 5167">
     <span class='ocr_line' id='line_1_35' title="bbox 0 0 1965 5167; baseline 0 0"><span class='ocrx_word' id='word_1_254' title='bbox 0 0 1965 5167; x_wconf 95' lang='lat' dir='ltr'> </span> 
     </span>
    </p>
   </div>
  </div>
 </body>
</html>
