3900 5167
446 444 493 512 90
680 439 933 506 ARCHELAI
957 439 1021 505 ΕΤ
1048 438 1268 503 MANETIS

449 617 554 688 unius
581 638 658 688 esse
680 616 835 697 factoris,
858 638 901 686 eo
925 613 1021 705 quod
1048 632 1240 683 consonare
1270 612 1306 681 in
1335 612 1495 704 conjunc-

450 733 549 803 tione
565 754 636 802 non
654 732 764 825 possit
787 754 876 823 opus
897 731 1012 812 unius,
1030 730 1058 800 si
1083 728 1302 822 propositum
1319 728 1461 799 artificis
1476 751 1496 799 a

451 870 490 919 se
515 848 717 919 dissentiret
741 846 895 918 alterius.
947 845 1052 929 Quod
1078 845 1108 916 si
1136 845 1275 915 dicatur
1300 867 1413 915 unum
1440 865 1497 915 ex-

448 961 581 1055 plicare
593 971 783 1054 utrumque
795 962 943 1031 minime
954 959 1114 1043 valuisse,
1125 960 1370 1031 infirmitatem
1384 968 1498 1031 osten·

449 1079 505 1149 dit
518 1078 685 1158 artificis;
708 1077 794 1169 quia
820 1085 857 1147 et
879 1077 909 1146 si
933 1077 1028 1146 dicat
1053 1076 1132 1169 quis
1156 1077 1311 1146 animam
1329 1075 1415 1146 boni
1432 1073 1498 1145 Dei

450 1215 536 1275 esse,
554 1194 707 1264 otiosum
725 1214 813 1286 opus
835 1194 1016 1263 invenitur
1032 1191 1197 1277 hominis,
1216 1190 1282 1261 nisi
1299 1191 1410 1261 etiarn
1427 1212 1499 1261 cor·

450 1331 517 1401 pus
547 1308 733 1399 acceperit.
795 1307 901 1391 Quod
931 1308 959 1377 si
991 1330 1130 1378 rursum
1160 1329 1286 1399 corpus
1316 1305 1401 1376 mali
1431 1305 1499 1376 Dei

450 1423 589 1492 dicatur
609 1444 685 1492 esse
707 1420 930 1514 figmentum,
948 1423 1102 1493 otiosum
1124 1419 1353 1492 nihilomiuus
1375 1420 1455 1503 erit,
1471 1420 1514 1522 si·

429 1538 606 1643 ⁸animam
638 1559 707 1606 non
738 1538 933 1629 acceperit:
971 1561 1049 1628 quoe
1078 1537 1203 1630 utique
1233 1537 1299 1608 nisi
1329 1538 1500 1608 commix-

450 1656 558 1736 tione,
580 1651 706 1744 ¹atque
727 1652 793 1723 sibi
811 1652 962 1723 invicem
977 1653 1086 1723 fuerit
1102 1654 1236 1723 inserta
1248 1676 1331 1723 cum
1344 1675 1498 1746 corpore,

449 1768 557 1840 homo
582 1792 648 1840 nec
674 1770 751 1851 erit,
769 1792 836 1839 nec
860 1769 1008 1839 dicetur.
1060 1768 1168 1839 Unde
1187 1767 1311 1840 multis
1328 1768 1500 1861 exemplis

450 1885 659 1979 approbavit
685 1883 893 1966 Archelaus,
924 1867 1036 1954 totius
1065 1883 1218 1955 hominis
1248 1907 1359 1955 unum
1394 1893 1499 1977 atque

449 2001 604 2071 eundem
624 2022 700 2071 esse
723 1999 906 2070 factorem.
958 1998 1186 2069 Ascnnnffls
1207 2019 1324 2082 nrxrr,
1342 1998 1443 2071 Scire
1465 2008 1500 2070 te

450 2138 523 2185 non
540 2114 676 2198 dubito,
694 2114 832 2195 Manes,
851 2114 938 2198 hoc;
961 2114 1056 2206 quod
1078 2116 1281 2207 generantis
1300 2124 1365 2186 aut
1381 2137 1500 2187 creau-

451 2232 498 2301 tis
515 2228 608 2300 filius
626 2229 756 2300 dicitur
772 2228 842 2312 ille,
860 2230 920 2322 qui
939 2232 1059 2299 tnatus
1076 2237 1140 2312 est,
1154 2239 1192 2299 et
1209 2239 1359 2302 creatus.
1397 2230 1500 2315 Quod

452 2345 480 2417 si
510 2344 686 2438 malignus
713 2344 894 2416 hominem
920 2345 1036 2425 finxit,
1061 2353 1163 2436 pater
1187 2347 1263 2438 ejus
1290 2370 1367 2417 esse
1395 2348 1501 2419 debet

452 2460 646 2531 secundum
673 2469 847 2530 naturam.
899 2459 948 2530 Et
974 2460 1032 2530 cui
1058 2483 1142 2553 ergo
1166 2461 1308 2534 dicebat
1325 2460 1501 2533 Dominus

451 2575 568 2662 Jesus,
586 2577 718 2646 docens
744 2598 842 2646 orare
868 2576 1041 2659 homines
1058 2573 1140 2648 ’δίο
1160 2574 1263 2648 dicite
1282 2600 1360 2648 oum
1382 2578 1501 2662 oratic

450 2690 562 2763 Pater
578 2700 703 2777 meter,
722 2691 783 2786 qni
799 2715 834 2762 es
852 2691 890 2760 in
907 2688 1033 2762 ecelis?
1069 2692 1118 2761 Et
1135 2694 1275 2774 iterum,
1293 2691 1427 2766 ”Orate
1440 2718 1502 2789 pa·

452 2814 538 2877 trem
557 2814 715 2888 uestrum,
733 2806 794 2899 qui
810 2812 859 2876 est
881 2805 920 2875 io
937 2804 1115 2877 οοσιιίιοὟ2
1157 2807 1214 2877 De
1232 2808 1364 2879 Satana
1380 2818 1501 2879 autem

453 2924 545 2993 dixit
563 2923 689 2993 vidisse
706 2945 744 2993 se
761 2944 854 3003 eum,
872 2920 990 2996 *δέεαι
1001 2920 1131 3019 fuique
1148 2922 1319 2995 cadentem
1343 2922 1385 2995 de
1408 2922 1501 2997 oceo.

320 3057 335 3081 “
452 3041 506 3110 uti
533 3063 578 3109 ne
601 3039 787 3131 quisquam
812 3040 943 3109 audeat
969 3039 1096 3122 dicere,
1115 3040 1209 3130 quod
1227 3040 1341 3132 ipsum
1360 3062 1424 3110 nos
1442 3040 1503 3111 do·

453 3154 556 3225 cebat
574 3178 692 3236 orare3
719 3177 835 3246 neque
849 3156 944 3225 enim
958 3156 1188 3225 descenderat
1201 3154 1225 3224 J
1227 3178 1315 3238 esus,
1329 3165 1372 3226 ut
1388 3154 1504 3226 homi·

452 3293 515 3340 nes
532 3271 762 3362 conjungeret
783 3277 822 3339 et
844 3270 1087 3341 reconciliaret
1104 3270 1256 3352 Satanae,
1274 3272 1360 3364 quin
1382 3272 1504 3363 potius

453 3387 707 3457 conterendum
729 3409 812 3457 eum
840 3386 905 3455 sub
927 3387 1076 3479 pedibus
1093 3384 1252 3456 fidelium
1269 3409 1414 3456 suorum
1433 3397 1504 3458 tra·

453 3502 554 3571 didit.
605 3502 677 3572 Sed
703 3526 769 3596 ego
795 3502 969 3573 beatiores
992 3503 1077 3572 istos
1100 3503 1215 3590 dicam
1233 3524 1309 3572 esse
1327 3500 1502 3585 Gentiles,

453 3619 513 3710 qui
540 3617 671 3688 multos
696 3619 840 3710 quidem
866 3618 1096 3688 introducunt
1115 3617 1220 3699 Deos,
1239 3619 1424 3689 unanimes
1451 3628 1503 3689 ta·

452 3739 680 3824 monetque
710 3732 841 3802 amicos
871 3755 931 3802 eos
961 3732 1196 3814 confitentum
1222 3731 1280 3801 hic
1304 3755 1387 3802 vero
1414 3733 1502 3804 duos

453 3847 689 3929 introducens,
708 3847 908 3917 inimicitias
929 3849 1023 3917 inter
1044 3869 1116 3928 cos,
1134 3847 1401 3939 discordemque
1425 3870 1501 3918 sen·

493 4034 505 4075 t
520 4034 554 4091 In
568 4035 668 4091 eodem
683 4035 779 4092 codice
793 4036 907 4111 legitur,
922 4045 1055 4093 natusest
1070 4044 1186 4093 creatus.

494 4139 510 4171 ¹¹
524 4130 629 4189 Melius
643 4130 672 4187 in
686 4132 821 4207 Vulgata,
839 4133 898 4189 Orc
913 4133 1027 4190 Putrem
1042 4142 1115 4191 tunm
1130 4134 1158 4190 ia
1172 4132 1337 4190 abscondito.

496 4302 503 4325 ¹
520 4297 582 4369 [An
597 4314 696 4353 seusus
710 4305 763 4361 est,
778 4297 851 4353 alter
864 4298 944 4354 alteri
955 4298 980 4371 i]
1080 4303 1089 4328 ⁸
1104 4298 1177 4354 Mat.
1189 4297 1226 4353 vi.
1239 4315 1269 4371 9.
1292 4297 1362 4354 Luc.
1379 4298 1417 4355 ri.
1431 4314 1458 4353 2.

699 4395 796 4451 ’Mat
813 4396 848 4451 vi.
865 4396 893 4452 6.
1058 4404 1067 4432 ⁴
1083 4396 1154 4452 Luc.
1170 4415 1198 4451 x.
1216 4396 1258 4450 18.
