3900 5167
535 457 578 518 82
762 456 1015 520 ARCHELAI
1039 456 1104 519 ΕΤ
1128 455 1351 520 MANETIS

534 652 622 721 quos
640 629 828 700 exercebat
845 628 1041 700 malitiam?
1064 651 1171 721 quem
1188 629 1412 721 opprimebat
1427 628 1581 721 injuste?

534 768 640 838 quem
658 746 810 838 spolians
825 747 985 819 oceidit?
1029 752 1041 842 ζ
1047 745 1152 829 Quod
1170 746 1199 815 si
1218 746 1290 815 suis
1306 765 1390 814 eum
1407 745 1505 814 dieas
1520 766 1582 814 ex·

534 862 648 931 titisse
664 860 809 943 malurn,
827 862 902 931 sine
919 861 1028 932 dubio
1044 884 1130 954 ergo
1146 861 1345 932 ostenditur
1361 860 1465 931 illum
1482 860 1581 931 bone

533 998 610 1046 esse
635 989 782 1047 naturae.
835 975 873 1046 Si
892 1000 974 1047 vero
997 988 1035 1047 et
1056 976 1108 1047 illi
1131 998 1254 1047 omnes
1276 975 1362 1046 mali
1381 984 1478 1058 sunt,
1495 997 1582 1067 qno·

528 1093 640 1163 ¹modo
662 1101 779 1184 potest
802 1091 970 1164 Satanam
989 1100 1026 1162 et
1044 1093 1193 1163 Satanas
1210 1091 1361 1184 ejioerei
1404 1091 1479 1163 Sed
1498 1114 1582 1162 oon·

533 1208 651 1279 elassis
667 1218 850 1279 ⁰sermone
867 1210 1110 1292 conveniant
1127 1209 1233 1291 dieas,
1247 1208 1360 1278 bonus
1370 1208 1444 1277 vim
1461 1229 1581 1300 passus

533 1334 588 1394 est
611 1348 632 1394 a
655 1325 759 1396 malo.
812 1324 884 1395 Sed
905 1349 971 1396 neo
994 1326 1061 1395 hoe
1082 1325 1225 1416 quidem
1242 1333 1297 1394 est
1314 1323 1383 1395 tibi
1399 1324 1476 1394 sine
1492 1324 1582 1416 peri·

531 1441 615 1512 oulo
642 1442 768 1525 dicere,
791 1451 832 1512 ut
858 1441 974 1513 lueem
998 1443 1127 1511 vietam
1154 1461 1231 1510 esse
1256 1439 1461 1521 confirmem
1488 1439 1579 1530 quod

533 1558 628 1627 enim
646 1559 808 1639 vincitur,
826 1559 982 1627 vicinum
999 1557 1107 1628 habet
1124 1557 1318 1627 interitum.
1370 1554 1467 1638 Quid
1482 1557 1579 1625 enim

532 1674 583 1744 ait
602 1695 720 1743 sermo
737 1674 903 1743 divinus-i
944 1671 1050 1761 'Quis
1067 1673 1158 1743 enim
1173 1679 1283 1767 potest
1299 1670 1449 1741 introire
1467 1670 1506 1740 in
1521 1668 1580 1741 do·

532 1810 626 1861 mam
636 1786 763 1885 fortis,
780 1798 811 1860 et
828 1788 982 1884 diripere
998 1813 1079 1861 vaso
1097 1791 1179 1883 eius,
1196 1786 1268 1858 aiei
1284 1785 1344 1858 illo
1359 1786 1407 1857 sit
1415 1784 1579 1881 fortior?

533 1904 638 1988 Quod
661 1906 692 1975 si
718 1905 920 1975 hominibus
940 1928 1024 1976 eum
1046 1905 1180 1976 malum
1204 1904 1364 1974 extitisse
1383 1902 1525 1983 dixeris,
1542 1910 1578 1971 et

531 2043 577 2090 er
599 2043 642 2089 eo
667 2020 815 2091 malitiae
842 2044 915 2091 suae
936 2021 1068 2091 indicia
1089 2021 1368 2103 demonstrasse;
1394 2040 1480 2111 ergo
1497 2024 1577 2087 ante

530 2134 599 2207 hoo
629 2135 742 2206 bonus
768 2136 848 2220 suit,
866 2146 911 2207 et
936 2134 1270 2206 convertibilitatem
1301 2133 1426 2224 recipit
1453 2154 1501 2203 ex
1526 2155 1576 2213 eo,

530 2252 624 2344 quod
642 2253 772 2322 Pereati
795 2252 946 2323 hominis
969 2276 1075 2323 eausa
1099 2252 1277 2321 invenitur
1299 2250 1461 2320 extitisse
1479 2247 1577 2320 mali-

529 2369 603 2440 tiae.
655 2367 725 2438 Sed
750 2376 928 2460 postremo
952 2368 1048 2438 dieat
1070 2367 1163 2459 quod
1182 2372 1238 2437 est
1260 2363 1404 2445 malum,
1423 2366 1576 2435 neforto

529 2506 659 2553 nomen
683 2483 796 2554 solum
818 2483 996 2565 defendat,
1014 2491 1077 2553 aut
1099 2483 1268 2552 adstruat.
1320 2479 1425 2563 Quod
1452 2481 1481 2550 si
1508 2501 1576 2549 non

529 2621 658 2670 nomen
688 2598 783 2682 mali,
809 2598 871 2669 sed
898 2599 1117 2681 substantia;
1142 2597 1278 2666 fruetus
1303 2594 1404 2665 nobis
1429 2593 1575 2664 malitie

529 2723 566 2783 et
592 2715 757 2806 nequitie
782 2715 886 2807 hujus
911 2723 1076 2807 exponat,
1095 2714 1260 2805 quoniam
1283 2733 1353 2780 non
1375 2712 1577 2803 agnoscitur

528 2853 684 2921 unquam
702 2831 834 2902 arboris
851 2841 977 2901 natura
994 2832 1069 2900 sine
1087 2830 1235 2899 fructu³.
1292 2843 1294 2847 ’

579 2946 708 3018 XVII.
736 2947 874 3018 Manus
890 2966 1006 3030 mm,
1024 2945 1174 3017 Constet
1197 2944 1290 3037 apud
1308 2950 1346 3012 te
1372 2942 1479 3034 prius,
1498 2941 1576 3031 quia

527 3074 583 3133 est
604 3064 703 3134 radix
726 3064 795 3134 alia
818 3063 972 3146 malitiae,
991 3086 1098 3154 quam
1121 3084 1194 3130 non
1221 3058 1394 3151 plautavit
1411 3055 1523 3139 Deus,
1541 3064 1576 3127 et

528 3188 614 3249 tuno
645 3180 709 3249 tibi
744 3181 859 3249 dicam
894 3179 1030 3248 fruetus
1063 3178 1148 3269 ejus.
1200 3174 1430 3244 Ancuannus
1460 3192 1574 3255 mxrr,

529 3293 567 3364 N
569 3319 614 3365 on
640 3296 708 3364 hoe
734 3296 806 3365 veri
833 3295 971 3386 expetit
1001 3294 1111 3375 ratio;
1137 3314 1254 3384 neque
1280 3291 1375 3360 enim
1406 3289 1576 3359 assentiar

526 3412 592 3482 tibi
617 3412 770 3481 radicem
794 3434 870 3481 esse
894 3410 994 3480 malae
1019 3408 1152 3479 arboris
1177 3408 1283 3489 illi-us,
1302 3405 1346 3475 de
1363 3403 1467 3495 eujus
1484 3405 1578 3474 fruo-

526 3526 622 3598 tibus
648 3549 827 3620 nunquam
853 3525 946 3596 ullus
972 3524 1177 3618 gustaverit.
1228 3521 1410 3610 Tanquam
1436 3519 1465 3588 si
1491 3518 1580 3589 velit

526 3641 656 3733 aliquid
676 3643 753 3733 quis
771 3663 910 3722 emere3
937 3641 1002 3708 nisi
1018 3639 1112 3731 prius
1125 3637 1301 3730 gustando
1315 3635 1440 3715 diseat,
1454 3644 1579 3704 utrum

526 3757 624 3827 arida
646 3758 691 3826 sit
715 3757 857 3847 speeies,
875 3761 938 3824 aut
954 3753 1097 3845 liquida,
1116 3752 1302 3845 pecuniam
1326 3772 1397 3820 non
1421 3749 1576 3840 profert3

526 3874 578 3942 ita
604 3895 720 3964 neque
747 3894 814 3964 ego
841 3870 906 3940 tibi
930 3870 1100 3940 assentiar
1116 3891 1193 3938 esse
1210 3867 1369 3938 arborem
1388 3864 1520 3935 malam
1540 3876 1579 3936 et

527 3989 724 4079 pessimam,
737 3990 802 4057 nisi
817 3987 911 4079 prius
929 3985 1079 4078 qualitas
1093 3985 1271 4055 fruetuum
1286 3984 1361 4074 ejus
1379 3981 1488 4051 fuerit
1505 4004 1580 4052 ma-

569 4196 583 4225 0
606 4183 700 4247 Forte,
715 4202 861 4240 sermonem
875 4185 1018 4239 convertis.
1146 4189 1164 4236 P
1185 4182 1280 4248 Forte,
1296 4180 1396 4236 creatio
1410 4177 1537 4234 leminis.

566 4316 577 4345 ¹
594 4315 732 4389 [Scilicet
747 4317 812 4391 quia
826 4317 887 4373 istis
902 4316 960 4372 suis
974 4317 1149 4379 adversatur,
1166 4314 1213 4388 qui
1228 4312 1293 4369 mali
1309 4310 1396 4383 sunt]

568 4414 580 4444 ²
595 4415 686 4473 Marc.
702 4416 740 4472 iii.
757 4431 805 4492 27.
971 4413 981 4447 ³
997 4415 1071 4471 Mat.
1082 4414 1127 4469 vii.
1148 4413 1192 4470 18.
