3900 5167
538 436 602 501 126
769 436 1022 501 ARCHELAI
1046 438 1110 499 ET
1135 436 1354 500 MANETIS

538 608 679 699 pariunt
701 606 865 698 spiritum
887 608 1095 698 iniquitatis,
1112 607 1176 699 ipsi
1195 617 1313 698 patres
1329 609 1406 700 ejus
1422 608 1583 680 dicantur

537 744 680 793 necesse
697 731 771 804 est;
798 722 861 791 filii
879 722 973 792 enim
993 722 1169 808 dicuntur,
1187 724 1272 792 dum
1293 723 1410 793 adbuc
1426 726 1583 795 ministe-

538 839 590 906 rio
623 839 699 928 ejus
729 845 864 929 parent,
894 846 1011 929 patres
1041 859 1132 918 vero,
1161 839 1220 929 qui
1254 839 1298 908 ad
1330 838 1582 930 perfectionem

538 952 681 1022 malitiae
696 961 942 1044 pervenerunt.
970 952 1027 1022 lta
1044 974 1195 1043 namque
1214 961 1252 1022 et
1270 952 1449 1024 Dominus
1466 963 1583 1024 noster

538 1068 588 1136 ait
605 1068 649 1137 ad
669 1066 870 1148 Pharisaeos,
894 1064 960 1136 Vos
976 1066 1019 1136 dc
1030 1075 1132 1160 putre
1144 1064 1293 1137 Diodolo
1309 1068 1402 1151 estu,
1416 1068 1510 1140 filios
1526 1091 1582 1140 eos

538 1181 669 1251 faciens
690 1180 795 1261 illius,
817 1181 929 1252 doueo
952 1181 1068 1251 adhue
1090 1181 1291 1252 conturbari
1308 1182 1532 1267 videbantur,
1548 1193 1582 1253 et

537 1294 740 1387 cogitabant
763 1296 800 1364 in
823 1295 986 1365 cordibus
1003 1297 1074 1365 suis
1090 1295 1184 1366 mala
1200 1319 1263 1387 pro
1280 1296 1381 1366 bonis
1397 1299 1581 1369 adversum

530 1409 671 1500 justos3
708 1430 791 1501 ergo
826 1410 919 1500 apud
949 1432 988 1479 se
1018 1409 1103 1479 talia
1132 1409 1380 1502 cogitantibus,
1406 1412 1581 1484 translatis

537 1524 573 1591 in
599 1544 636 1593 se
661 1523 825 1616 malignis
841 1546 963 1592 eorum
981 1524 1263 1616 cogitationibus
1280 1523 1392 1596 Judas
1410 1527 1581 1598 melorum

537 1649 652 1728 caput,
681 1649 719 1709 et
752 1640 796 1709 ad
826 1639 1023 1730 perfectum
1054 1640 1249 1731 perducens
1277 1641 1398 1732 iniqua
1428 1643 1580 1727 consilia,

537 1751 684 1822 effectus
713 1763 767 1822 est
796 1753 936 1823 sceleris
961 1763 1072 1845 pater,
1090 1754 1320 1824 immanitatis
1345 1777 1417 1825 suae
1438 1758 1580 1849 praemio

536 1866 582 1935 ab
608 1867 658 1936 eis
684 1868 830 1959 triginta
854 1868 1030 1960 argenteis
1052 1867 1263 1951 honoratus3
1290 1878 1388 1940 totus
1405 1872 1504 1941 enim
1520 1868 1580 1941 ι1η

537 2004 613 2051 eum
624 1990 705 2075 post
721 1980 901 2052 buccellam
918 1982 1026 2075 punis
1044 1983 1217 2078 ingressus
1234 1991 1282 2053 cat
1298 1981 1481 2055 Diabolus.
1513 1985 1579 2057 Sed

537 2105 577 2166 ut
605 2098 770 2178 diximus,
788 2107 975 2189 postquam
1003 2107 1126 2167 uterus
1151 2099 1331 2180 intumuit,
1355 2109 1393 2170 et
1422 2102 1580 2172 dolorum

537 2220 679 2303 tempus
695 2213 849 2294 advenit,
867 2212 1029 2282 abortum
1047 2212 1178 2282 fascem
1200 2213 1325 2304 iniquae
1343 2217 1580 2309 conceptionis

537 2325 673 2410 effudit,
691 2336 729 2395 et
754 2328 834 2396 ideo
859 2350 925 2397 nee
948 2328 1105 2419 perfecte
1128 2336 1229 2419 pater
1245 2329 1502 2421 appellabatur,
1519 2332 1580 2402 nisi

538 2464 582 2511 eo
615 2450 756 2510 tantum
790 2450 958 2533 tempore,
994 2465 1065 2533 quo
1099 2450 1294 2533 conceptus.
1323 2445 1516 2536 gerebatur
1547 2449 1580 2516 in

537 2564 660 2638 utero;
686 2565 809 2646 postea
825 2578 908 2624 vero
931 2578 1037 2648 quam
1062 2554 1222 2649 confugit
1247 2557 1293 2626 ad
1318 2557 1496 2649 laqueum,
1514 2584 1581 2630 non

538 2669 716 2760 integrum
739 2670 879 2738 videtur
908 2669 1058 2739 edidisse
1088 2679 1239 2760 partum,
1263 2672 1345 2762 quia
1374 2675 1583 2764 poenitentia

539 2782 727 2853 subsecuta
744 2791 808 2853 est.

590 2898 779 2968 XXXIV.
807 2899 973 2991 Ignorare
992 2921 1053 2967 vos
1071 2922 1141 2968 non
1159 2899 1317 2981 arbitror,
1332 2904 1500 2992 quoniam
1520 2904 1587 2975 Pa·

539 3021 594 3081 ter
618 3036 729 3082 unum
756 3015 900 3104 quidem
926 3014 971 3083 sit
997 3036 1137 3092 nomen,
1160 3015 1313 3084 diversos
1334 3025 1454 3085 tamen
1478 3019 1586 3089 habet

538 3127 758 3198 intellectus:
797 3128 886 3197 alius
916 3129 1010 3196 enirn
1044 3138 1144 3218 pater
1175 3130 1305 3197 dicitur
1334 3153 1468 3215 eorum,
1498 3157 1586 3224 quos

539 3241 745 3311 naturaliter
782 3243 957 3334 genuerit,
992 3242 1171 3325 filiorum3
1213 3244 1302 3314 alius
1336 3267 1418 3313 vero
1453 3270 1585 3330 eorum,

539 3379 626 3447 quos
653 3357 898 3426 tautummodo
923 3358 1131 3439 enutrierit;
1157 3358 1316 3428 nonnulli
1340 3382 1423 3428 vcro
1448 3370 1585 3455 tempo-

538 3471 595 3551 ris,
613 3480 719 3562 atque
742 3473 859 3542 aetatis
878 3472 1081 3564 privilegi03
1108 3474 1256 3543 undeet
1274 3475 1449 3544 Dominus
1467 3487 1586 3547 noster

538 3585 642 3654 Jesus
664 3585 832 3676 plurimos
857 3594 974 3678 patres
1000 3587 1130 3656 babere
1156 3588 1293 3669 dicitur,
1313 3612 1393 3658 nam
1412 3600 1450 3659 ct
1468 3592 1584 3663 David

539 3709 640 3791 pater
662 3702 737 3791 ejus
759 3700 956 3792 appellatus
980 3711 1043 3783 est,
1062 3712 1099 3772 et
1116 3703 1248 3794 Joseph
1274 3713 1373 3793 pater
1390 3705 1466 3794 ejus
1484 3718 1585 3797 puta-

539 3823 677 3896 tuaest,
696 3839 776 3884 cum
803 3815 919 3885 nullus
937 3816 1062 3885 horum
1090 3827 1189 3908 pater
1213 3818 1287 3907 ejus
1311 3817 1416 3886 fuerit
1435 3821 1584 3891 veritate

479 3931 487 3938 “
539 3937 685 4000 naturae.
739 3931 832 3999 Nam
860 3931 976 3999 David
1006 3946 1106 4021 pater
1137 3933 1212 4021 ejus
1243 3933 1370 4000 dicitur
1398 3935 1521 4015 aetatis,
1544 3959 1583 4005 ac

541 4045 706 4133 temporis
724 4044 928 4135 privilcgi0;
955 4044 1088 4135 Joseph
1109 4068 1189 4113 vcro
1212 4045 1289 4136 loge
1306 4046 1505 4129 nutriendi3
1532 4072 1583 4118 so·

938 4330 944 4352 ¹
960 4325 1041 4380 Joau,
1059 4326 1116 4380 xiii.
1135 4344 1181 4398 27.
