3900 5167
514 449 579 510 242
879 450 910 509 S.
929 445 1199 510 AUGUSTINI

514 640 579 687 nec
599 619 707 688 Pater
725 628 841 687 vester
860 617 1019 687 dimittet
1042 618 1158 687 vobis:
1185 626 1320 707 quanto
1343 619 1457 710 magis
1479 640 1557 687 cnm

352 754 504 803 numu.
514 756 574 803 eos
587 734 743 814 oderant,
755 733 882 824 quibus
895 733 1138 802 retribuebant
1149 732 1242 802 mala
1252 756 1314 825 pro
1327 733 1453 802 bonis?
1480 731 1557 801 Nec

352 832 389 868 '²'
514 860 632 919 tantan
659 851 716 919 isti
743 849 869 919 saeculo
894 850 1008 918 verbis
1038 849 1119 918 solis
1145 858 1182 918 et
1211 872 1280 919 non
1304 848 1409 918 factis
1434 870 1559 917 rennn-

512 966 653 1044 tiantes,
671 967 700 1034 si
718 973 842 1055 postea
858 965 1126 1055 corrigerentur,
1145 985 1261 1032 rursus
1279 962 1557 1054 baptizarentnr;

512 1080 572 1148 sed
608 1102 679 1149 uno
711 1080 807 1149 vitali
839 1079 1050 1170 baptismate
1085 1078 1398 1148 sanctificarentur.
1455 1076 1557 1160 Quod

511 1196 654 1286 quidem
672 1197 708 1264 in
726 1194 911 1265 Catholica
933 1204 997 1275 est,
1016 1195 1077 1263 scd
1099 1217 1170 1262 non
1195 1194 1230 1261 in
1254 1192 1347 1275 sola,
1374 1194 1468 1262 sicut
1495 1215 1557 1261 nec

511 1312 548 1381 in
574 1313 704 1382 sanctis
729 1312 820 1391 solis,
844 1313 903 1402 qui
930 1310 1091 1378 aedificati
1118 1318 1200 1379 sunt
1226 1330 1331 1399 super
1356 1318 1507 1399 petram,
1523 1319 1557 1377 et

349 1438 494 1488 enutrit.
512 1451 558 1498 ex
576 1428 704 1519 quibus
721 1428 825 1495 unica
842 1424 903 1495 illa
919 1423 1084 1495 columba
1101 1425 1290 1516 perficitur.

350 1555 466 1616 Cenat·
563 1542 690 1612 Castus
711 1565 733 1611 a
754 1542 857 1613 Sicca
879 1542 991 1611 dixit:
1019 1539 1089 1628 Qui
1114 1547 1278 1610 contemto
1303 1542 1446 1610 veritate
1465 1562 1557 1632 prcc-

511 1657 617 1726 aunu't
641 1656 915 1728 connsuetudinem
940 1658 1047 1753 sequi,
1064 1665 1124 1726 out
1146 1657 1239 1726 circu
1255 1653 1394 1749 fratrer
1424 1653 1558 1726 inridre

405 1787 407 1790 ’
511 1781 560 1842 eat
588 1783 620 1843 et
650 1772 830 1870 rnolipnns,
856 1773 976 1868 quibua
1006 1774 1131 1844 ueritus
1158 1769 1349 1850 revelatum
1375 1781 1437 1842 unt
1467 1774 1557 1844 circa

511 1887 625 1959 Deum
655 1892 811 1987 inpactus
840 1899 897 1972 cst,
926 1890 1021 1982 city'us
1048 1888 1277 1983 inspiratione
1302 1886 1461 1958 Ecclesia
1491 1887 1557 1981 pus

512 2007 709 2077 imbuitur.

563 2124 637 2194 Iste
659 2124 688 2194 si
710 2126 935 2193 convinceret
960 2145 1020 2193 eos
1046 2124 1107 2213 qni
1133 2124 1269 2192 diversa
1293 2121 1507 2203 sentiebant,
1524 2132 1558 2190 ct

512 2237 581 2308 hoc
608 2240 788 2321 tenebant,
807 2241 900 2330 qnod
927 2241 1035 2309 etiam
1061 2247 1159 2308 totns
1184 2239 1278 2308 orbis
1303 2248 1429 2329 postea
1445 2236 1559 2306 Chris-

514 2355 610 2423 tiano
625 2354 773 2423 concilio
787 2356 1013 2425 confirmatus
1027 2356 1191 2436 obtinuit,
1203 2356 1254 2424 ita
1267 2355 1558 2424 consuetudinem

513 2471 623 2561 sequi,
635 2479 675 2540 ut
686 2480 954 2540 contemnerent
966 2472 1164 2553 veritatem,
1175 2469 1362 2540 baecverba
1373 2469 1559 2539 formidare

514 2585 741 2657 deberemus:
769 2609 849 2656 cum
873 2609 955 2655 vero
981 2585 1042 2655 illa
1067 2587 1286 2656 consuetudo
1312 2594 1350 2654 et
1373 2587 1559 2656 averitate

514 2714 705 2794 propagata
722 2713 759 2772 et
774 2705 921 2772 veritate
939 2703 1102 2771 roborata
1118 2703 1321 2793 reperiatur,
1335 2700 1423 2770 nihil
1442 2702 1479 2770 in
1496 2701 1558 2770 hac

514 2819 690 2889 sententia
704 2819 994 2908 pertimescimus.
1023 2818 1071 2886 Et
1081 2828 1200 2887 tamen
1215 2819 1242 2886 si
1258 2816 1308 2886 illi
1322 2816 1559 2911 nicensium

515 2933 627 3003 incidi
650 2943 747 3002 crunt
771 2942 802 3003 et
823 2932 977 3028 nrnlr'pni,
993 2944 1053 3003 uui
1076 2935 1168 3003 circu
1186 2933 1299 3005 Deum
1319 2935 1460 3029 inprcii,
1479 2957 1559 3004 cccc

515 3047 676 3139 qualibus
693 3051 1010 3132 communicabant,
1025 3072 1107 3118 ecce
1121 3051 1241 3139 quales
1255 3051 1391 3120 diversa
1408 3053 1560 3120 sentien-

515 3174 580 3245 tes,
593 3164 684 3233 sicut
696 3162 890 3255 Cyprianus
909 3166 1079 3254 praedixit,
1095 3189 1115 3233 a
1125 3169 1206 3257 jure
1221 3167 1479 3234 communionis
1493 3189 1559 3233 non

515 3279 736 3360 amovebant,
746 3302 828 3348 cccc
839 3304 860 3348 a
873 3280 1000 3368 quibus
1013 3303 1085 3349 non
1096 3279 1343 3371 polluebantur
1357 3282 1393 3348 in
1404 3290 1561 3349 ⁰conser-

516 3398 657 3464 vatione
671 3396 824 3476 unitatis,
837 3418 919 3464 ecce
933 3407 1104 3485 quantum
1119 3398 1309 3466 amandum
1323 3397 1369 3465 sit
1381 3396 1559 3466 vinculum

517 3512 630 3601 pacis3
653 3533 735 3578 cccc
753 3512 835 3599 quid
855 3512 1077 3579 considerent
1095 3515 1153 3603 qui
1173 3513 1273 3581 nobis
1291 3514 1335 3582 de
1349 3513 1560 3604 Ppraedcoee

516 3647 633 3693 sorum
658 3624 911 3715 Episcoporum
938 3624 1086 3694 concilio
1113 3626 1385 3710 calumniantur,
1412 3652 1560 3720 quorum

517 3741 700 3809 caritatem
728 3764 797 3809 non
825 3742 1019 3821 imitantur,
1039 3750 1075 3811 et
1097 3766 1246 3833 quorum
1268 3744 1435 3835 exemplo
1453 3746 1562 3815 consi-

517 3856 638 3924 derato
662 3857 743 3945 jure
770 3859 991 3925 (inornantur.
1043 3859 1081 3927 Si
1109 3861 1328 3929 consuetudo
1358 3872 1445 3942 erat,
1474 3864 1563 3931 sicut

560 4131 651 4183 ⁰Am.
667 4130 715 4184 Er.
737 4140 764 4185 et
787 4131 880 4203 plures
902 4130 991 4187 MSS.
1014 4133 1042 4186 in
1066 4134 1265 4188 conuersatione
1287 4135 1410 4191 unitatis,
1456 4136 1565 4207 (Minus

519 4225 590 4280 benc
606 4236 633 4281 et
649 4227 702 4281 mei
718 4230 918 4285 conversatione
932 4230 1061 4299 habent.)

560 4333 575 4377 Ρ
590 4324 623 4378 ln
639 4323 728 4380 MSS.
740 4346 942 4400 precesserunt.
988 4328 1103 4397 (Itidem
1118 4330 1146 4384 in
1162 4329 1253 4396 meis.)
