3900 5167
528 442 592 503 218
893 444 924 505 S.
942 442 1214 512 AUGUSTINI

528 621 592 692 est,
611 622 647 681 et
665 613 778 681 omnis
795 613 960 704 iniquitas
979 613 1204 683 infructuosa.
1258 613 1330 697 Qui
1349 636 1434 684 vero
1452 637 1570 709 uquam

528 725 675 797 alienum
704 726 745 798 de
760 726 864 822 sonte
890 737 1053 798 crtrcneo
1079 726 1204 811 bibunt,
1222 753 1294 800 non
1319 730 1478 801 haretici
1499 740 1571 800 tan·

528 853 604 913 tum
634 854 726 926 sunt,
744 844 805 914 sed
833 867 955 914 omnes
983 846 1043 935 qui
1071 867 1141 913 non
1163 846 1286 913 vivunt
1313 846 1510 915 secundum
1534 870 1572 916 ea

527 983 608 1050 quae
626 961 730 1030 docet
746 959 854 1041 Deus,
873 971 910 1029 et
929 961 1053 1030 vivunt
1077 961 1270 1029 secundum
1294 984 1339 1031 ea
1363 984 1446 1051 quae
1471 962 1572 1031 docet

527 1076 697 1145 diabolus.
750 1076 846 1145 Nam
869 1078 897 1145 si
920 1078 965 1145 de
983 1077 1158 1168 baptismo
1176 1077 1322 1157 diceret,
1340 1100 1413 1147 non
1431 1078 1570 1159 diceret,

527 1190 600 1262 Nec
616 1189 767 1285 desecte
783 1201 945 1262 entrance
961 1190 1108 1271 biberis:
1134 1193 1206 1274 sed,
1224 1192 1269 1262 de
1286 1192 1387 1261 fonte
1405 1202 1571 1262 extraneo

363 1320 598 1384 abnuitis-non
625 1317 661 1378 te
686 1308 847 1378 ablueris.
898 1307 981 1378 Jam
1000 1332 1082 1377 vero
1108 1310 1199 1399 quod
1220 1306 1398 1377 Dominus
1416 1309 1476 1391 ait,
1494 1306 1572 1377 Nisi

527 1424 604 1517 quis
633 1433 772 1495 reactus
790 1422 909 1519 fuerit
934 1448 979 1494 ec
1009 1447 1098 1518 apuu
1127 1433 1159 1494 ct
1186 1422 1339 1516 Spiritu,
1369 1446 1442 1493 noa
1466 1431 1572 1517 potest

527 1539 674 1610 introire
691 1540 730 1608 ia
746 1563 888 1636 reprcunt
900 1538 983 1622 Dei,
997 1541 1079 1631 quid
1099 1563 1181 1609 eum
1199 1538 1344 1631 adjuvet
1361 1539 1407 1607 ad
1426 1539 1461 1608 id
1481 1539 1569 1630 quod

526 1665 639 1747 putat,
666 1657 809 1725 omnino
837 1680 907 1726 non
931 1658 1045 1726 video.
1096 1655 1207 1725 Aliud
1238 1666 1293 1725 est
1319 1658 1429 1740 enim,
1448 1657 1570 1726 Omnis

527 1773 587 1861 qui
613 1772 758 1841 intrabit
785 1774 820 1841 in
844 1796 991 1866 regnum
1017 1772 1184 1843 caelorum
1202 1772 1297 1863 prius
1315 1774 1513 1841 renascitur
1529 1794 1569 1841 ex

526 1909 617 1978 aqua
634 1898 671 1957 et
690 1888 833 1980 Spiritu,
852 1891 934 1981 quia
959 1890 1024 1958 nisi
1051 1897 1193 1958 renatus
1216 1888 1324 1958 fuerit
1349 1911 1396 1957 ex
1424 1911 1516 1979 aqua
1537 1898 1570 1957 et

526 2001 671 2094 Spiritu,
690 2027 760 2073 non
778 2004 924 2073 intrabit
947 2007 984 2074 in
1008 2027 1155 2097 regnum
1174 2002 1361 2085 eaelorum3
1387 2004 1483 2094 quod
1502 2002 1570 2073 Do·

526 2120 643 2187 minus
669 2120 770 2201 dixit,
788 2130 826 2189 et
844 2143 965 2189 verum
988 2130 1061 2190 est:
1088 2118 1185 2189 aliud
1210 2127 1344 2200 autem,
1362 2117 1493 2189 Omnis
1515 2120 1569 2211 qui

528 2236 682 2303 nascitur
698 2257 744 2304 ex
762 2258 852 2325 aqua
869 2246 906 2303 et
924 2235 1059 2327 Spiritu
1077 2234 1222 2304 intrabit
1245 2236 1282 2303 in
1305 2258 1458 2327 regnum
1475 2235 1571 2305 calo·

364 2357 628 2432 tetuli-nrum
654 2351 748 2441 quod
776 2353 900 2443 utique
925 2351 1052 2421 falsum
1080 2358 1145 2421 est.
1199 2350 1294 2419 Nam
1312 2358 1353 2420 et
1369 2350 1494 2420 Simon
1516 2350 1571 2420 ille

528 2486 651 2557 magus
676 2475 780 2535 natus
806 2476 882 2535 erat
906 2490 950 2535 ex
974 2489 1066 2557 aqua
1088 2477 1125 2534 et
1144 2465 1290 2557 Spiritu,
1308 2475 1347 2534 et
1364 2475 1487 2534 tamen
1505 2489 1572 2534 non

527 2581 672 2648 intravit
706 2582 741 2648 in
775 2603 922 2672 reguum
954 2581 1131 2650 calorum.
1181 2580 1241 2650 Sic
1271 2580 1347 2650 fieri
1381 2590 1502 2672 potest
1535 2590 1572 2649 ut

528 2693 699 2763 haereticis
717 2696 823 2763 etiam
846 2698 1040 2787 contingat.
1093 2696 1168 2765 Aut
1196 2696 1223 2764 si
1251 2718 1321 2764 non
1349 2698 1506 2766 nascitur
1530 2719 1571 2766 ex

530 2791 662 2901 Spiritu
691 2811 756 2878 nisi
783 2811 845 2901 qui
873 2811 984 2880 veraci
1012 2812 1238 2881 conversione
1263 2819 1436 2894 mutatur,
1455 2835 1572 2881 omnes

528 2927 586 3016 qui
609 2924 734 2994 saecnlo
753 2927 866 2994 verbis
893 2936 929 2994 et
956 2950 1025 2993 non
1053 2927 1153 2995 iactis
1179 2926 1393 3007 renuntiant,
1413 2951 1485 2996 non
1511 2930 1573 2996 uti·

528 3065 597 3131 que
628 3043 671 3109 dc
703 3039 845 3131 Spiritu,
877 3042 937 3109 scd
968 3064 1013 3108 ex
1044 3064 1135 3131 aqua
1164 3042 1237 3111 sola
1267 3050 1481 3112 nascuntur:
1517 3045 1571 3133 qui

529 3164 646 3223 tamen
679 3165 715 3223 ot
744 3157 838 3225 intus
869 3166 960 3226 teste
988 3156 1162 3248 Cypriano
1190 3167 1280 3226 sunt.
1335 3157 1494 3228 Necesse
1523 3166 1572 3227 est

528 3273 621 3338 enirn
650 3280 689 3340 nt
715 3295 824 3339 unum
854 3274 898 3340 de
926 3272 1064 3341 duobus
1092 3273 1323 3342 concedatur:
1351 3285 1414 3342 aut
1442 3274 1493 3342 illi
1517 3276 1572 3366 qui

529 3384 699 3453 fallaciter
730 3386 857 3454 saeculo
887 3389 1101 3469 renuntiant,
1132 3398 1323 3456 nascuntur
1353 3390 1398 3457 de
1429 3387 1571 3481 Spiritu,

528 3502 687 3589 quumvis
718 3502 760 3570 ad
792 3504 993 3592 perniciem,
1022 3527 1091 3571 non
1122 3505 1165 3572 ad
1197 3503 1358 3583 salutem,
1386 3513 1496 3595 atque
1527 3506 1574 3573 ita

528 3628 673 3705 possunt
692 3626 728 3684 ct
747 3616 924 3697 haeretici3
951 3629 1013 3686 aut
1040 3620 1066 3686 si
1094 3618 1182 3687 illud
1206 3620 1298 3710 quod
1322 3621 1572 3710 scriptumest,

415 3744 484 3802 t..
530 3728 681 3798 Sanctus
716 3731 809 3799 onim
846 3731 997 3823 Spiritus
1035 3733 1226 3824 disciplina
1260 3733 1406 3826 effugiet
1441 3736 1573 3814 lictum,

530 3848 637 3915 etiam
656 3847 700 3915 ad
719 3847 785 3915 hoc
805 3848 907 3929 valet,
926 3858 966 3916 ut
986 3848 1158 3917 fallaciter
1182 3849 1309 3918 saeculo
1334 3852 1575 3920 renuntiantes

530 3984 599 4028 non
619 3972 807 4031 nascantur
824 3965 868 4031 de
882 3963 1015 4053 Spiritu
1030 3987 1037 4044 ;
1060 3974 1177 4054 potest
1194 3966 1271 4054 quis
1290 3965 1458 4056 baptizari
1478 3991 1573 4058 aqua,

532 4085 568 4145 et
593 4100 659 4144 non
684 4079 775 4147 nasci
804 4078 848 4146 de
873 4079 1029 4171 Spiritu3
1058 4090 1095 4148 ct
1114 4081 1242 4149 frustra
1262 4080 1500 4153 Nemesianus
1516 4085 1574 4162 ait,

532 4188 649 4282 Neque
674 4191 829 4285 Spiritus
866 4195 939 4263 siric
968 4219 1057 4287 aquo
1088 4197 1227 4287 operari
1253 4206 1371 4288 potest,
1400 4221 1461 4267 acc
1488 4220 1574 4291 aquo

531 4303 604 4372 sinc
631 4302 779 4397 Spiritu.
831 4307 913 4376 Jarn
942 4331 1023 4376 vero
1049 4318 1085 4376 et
1109 4308 1191 4378 alibi
1223 4333 1313 4401 sape
1345 4312 1481 4382 dictum
1512 4321 1571 4391 est,
