3900 5167
420 255 674 321 ARCHELAI
699 254 763 319 ET
787 254 1007 318 MANETIS
1030 253 1339 320 DISPUTATIO.
1378 254 1421 320 87

376 429 607 523 plurimisque
629 429 704 520 ipse
727 428 908 498 ciuitatem
928 448 1027 497 suam
1045 428 1249 520 trequentes
1266 426 1422 521 largitio-

378 546 483 616 nibus
512 543 813 625 remunerabatur,
838 542 1050 635 pauperibus
1080 542 1248 624 tribuens,
1274 542 1423 613 afflictos

377 660 550 746 relevem,
575 659 753 730 tribulatis
780 656 951 729 auxilium
977 658 1103 728 ferens.
1157 657 1228 728 Sed
1254 680 1299 729 ne
1323 657 1423 737 infir·

379 776 505 845 mitete
532 774 718 844 verborum
746 773 937 843 virtutibus
964 773 1029 841 viri
1058 774 1267 867 derogemus
1293 775 1421 865 potius,

380 911 484 980 quem
516 891 623 983 digne
651 890 876 982 proferamus,
905 888 979 959 haec
1009 889 1139 959 dixisse
1168 886 1339 972 sufficiat;
1378 888 1422 959 ed

337 1060 339 1063 .
380 1028 468 1098 opus
500 1007 594 1097 quod
628 1005 845 1099 propositum
880 1014 947 1087 est,
979 1006 1127 1075 veniem.
1186 1004 1352 1089 Quodam
1385 1006 1422 1076 in

380 1131 540 1214 tempore
562 1144 646 1191 cum
667 1119 845 1191 Archelao
869 1122 1033 1213 episcopo
1058 1120 1277 1212 captivorum
1302 1119 1424 1190 multi-

380 1238 468 1307 tudo
485 1237 610 1307 fnisset
632 1235 751 1307 oblata
772 1258 795 1305 a
816 1235 999 1317 militibus,
1017 1236 1078 1327 qui
1101 1235 1150 1304 ibi
1174 1244 1287 1306 castro
1307 1257 1425 1307 serva-

380 1353 477 1434 bunt,
510 1361 648 1445 septem
682 1350 794 1421 millia
827 1372 985 1434 numero,
1021 1360 1058 1420 et
1092 1352 1316 1444 septingenti,
1352 1374 1423 1422 non

380 1469 567 1539 mediocris
599 1489 682 1537 eum
716 1466 917 1537 sollicitudo
952 1468 1222 1549 constrinxerat,
1252 1489 1295 1538 eo
1329 1466 1423 1559 quod

379 1608 442 1677 pro
472 1584 586 1655 seluto
615 1584 771 1677 ipsorum
795 1605 922 1653 aurum
952 1606 974 1653 a
1001 1582 1174 1653 militibus
1199 1593 1423 1675 posceretur;

379 1699 440 1789 qui
475 1721 557 1768 cum
586 1698 806 1769 dissimulare
834 1720 906 1768 non
936 1706 1065 1791 posset,
1095 1720 1158 1789 pro
1188 1699 1357 1792 religione
1387 1709 1425 1769 et

378 1815 509 1884 timore
526 1814 594 1885 Dei
608 1815 836 1886 vehementer
852 1814 1033 1897 estuabat,
1048 1823 1086 1884 et
1102 1815 1248 1885 tandem
1265 1816 1310 1885 ad
1325 1814 1425 1886 Mar·

377 1929 510 2000 cellum
528 1953 726 2023 propenens,
744 1932 794 2001 rei
814 1939 921 2024 gestoe
942 1931 1125 2024 negotium
1149 1932 1305 2022 exponit.
1350 1928 1425 2002 Ve-

375 2068 471 2129 rum,
496 2055 539 2116 ut
565 2047 639 2117 boec
664 2049 800 2118 audivit
824 2049 878 2117 vir
905 2048 1081 2139 piissimus
1108 2045 1309 2126 Marcellus,
1336 2045 1425 2116 nihil

375 2162 525 2233 omnino
550 2172 718 2248 moratus,
736 2164 932 2257 ingreditur
954 2165 1109 2245 domum,
1127 2183 1331 2255 preparans
1348 2186 1426 2255 pre-

372 2281 430 2350 tia
460 2280 690 2371 captivorum,
717 2288 988 2372 quantacunque
1013 2280 1253 2372 poposcissent
1279 2282 1338 2372 qui
1365 2279 1426 2351 de·

372 2397 557 2466 duxerant
590 2396 736 2478 vinctos,
771 2404 809 2467 et
842 2397 1023 2477 continuo,
1058 2396 1219 2465 reseretis
1253 2396 1425 2466 bonorum

368 2530 524 2583 suorum
550 2509 732 2592 thesauris
755 2510 898 2602 pietatis
922 2510 1037 2602 pretia
1062 2507 1244 2589 militibus,
1269 2530 1335 2578 nec
1360 2530 1426 2577 nu-

366 2648 479 2696 mero
496 2624 623 2718 aliquo,
634 2648 700 2696 nec
713 2626 924 2696 discretione
941 2625 1014 2697 ulla
1031 2625 1248 2718 ‘distinguit
1260 2631 1301 2694 ut
1313 2624 1426 2717 magis

365 2745 482 2824 dono,
504 2761 611 2833 quam
636 2742 751 2834 pretia
776 2742 988 2812 viderentur.
1041 2740 1094 2811 At
1120 2740 1172 2810 illi
1199 2740 1362 2810 admirati
1388 2749 1426 2811 et

362 2840 537 2950 amplexi
566 2865 641 2928 tam
669 2858 878 2929 immensam
910 2858 974 2927 viri
1009 2860 1189 2949 pietatem,
1219 2856 1426 2926 munificen-

361 2976 549 3064 tiamque,
572 2984 611 3043 et
636 2974 720 3045 facti
745 2983 890 3067 stupore
914 2974 1078 3065 permoti,
1101 2971 1267 3063 exemplo
1292 2973 1426 3042 miseri·

359 3089 508 3162 cordiae
524 3084 827 3170 ‘’commonentun
839 3098 881 3158 ut
894 3088 1036 3179 plurimi
1050 3110 1095 3156 ex
1113 3087 1196 3179 ipsis
1213 3086 1427 3156 adderentur

358 3205 419 3276 ad
444 3201 554 3273 fidem
573 3200 718 3273 Domini
741 3203 851 3273 nostri
872 3197 960 3271 Jesu
982 3201 1124 3282 Christi,
1143 3201 1338 3272 ⁰derelicto
1361 3204 1426 3272 mi·

503 3451 626 3513 eForte,
641 3449 790 3505 distribuet.
959 3444 975 3489 ἃ
990 3448 1084 3513 Forte,
1100 3456 1302 3505 commoventur.

415 3565 431 3597 e
448 3551 640 3609 Abborruisse
660 3570 678 3607 a
695 3550 795 3607 militia
808 3549 987 3608 Christianos
1003 3549 1151 3625 primitivus
1172 3549 1307 3614 ecclesiae,
1323 3568 1358 3607 ne
1373 3550 1425 3606 Pa·

358 3667 521 3729 gsnorum
542 3646 721 3712 commercio,
736 3654 821 3721 atque
842 3645 1087 3721 superstitionibus
1100 3646 1317 3710 macularentur,
1331 3647 1427 3705 notius

358 3759 421 3807 est
444 3765 482 3804 ex
499 3744 673 3803 Tertulliano
694 3745 730 3801 de
748 3743 865 3802 Corona
884 3744 987 3801 Militis
1007 3762 1068 3818 cap.
1086 3763 1127 3801 rr.
1143 3762 1227 3818 quarn
1248 3752 1280 3801 ut
1300 3744 1427 3818 pluribus

363 3843 570 3906 demonem·
592 3859 665 3918 opos
689 3842 733 3899 sit
775 3842 834 3900 Sed
854 3843 890 3899 ad
911 3842 1110 3899 illustrandum
1133 3842 1208 3899 bunc
1229 3842 1427 3917 disputationis

364 3941 513 4001 Archelai
537 3957 602 3997 cane
624 3940 743 3998 Manete
766 3941 870 4004 locum,
893 3940 1045 4015 plurimum
1065 3940 1143 4008 facit,
1165 3940 1241 4015 quod
1262 3940 1366 3997 ibidem
1387 3940 1427 3997 sit

367 4038 578 4098 Tertullianus.
621 4039 709 4095 Plane
727 4040 754 4094 si
773 4056 840 4113 quos
859 4039 958 4094 militia
974 4046 1128 4113 proeuentos
1141 4038 1215 4113 fides
1231 4038 1368 4112 posterior
1383 4039 1425 4094 in·

372 4140 462 4203 venit,
477 4137 533 4193 alio
552 4138 667 4194 conditio
686 4146 736 4201 est,
751 4145 781 4193 ut
794 4137 902 4193 illorum
917 4155 982 4210 quos
995 4136 1115 4193 Joonnes
1131 4135 1287 4190 admittebat
1302 4136 1338 4189 od
1350 4135 1424 4191 lanc·

382 4252 474 4302 crum;
507 4244 537 4290 ut
561 4236 741 4292 centurionum
760 4235 990 4309 fidelissimorum,
1014 4253 1087 4309 quem
1115 4231 1243 4289 Christus
1266 4232 1374 4307 probol,
1399 4241 1425 4289 et
