3900 5167
535 452 599 515 216
902 455 933 515 S.
952 452 1223 516 AUGUSTINI

536 635 567 695 et
601 627 802 719 quicumque
835 623 992 695 ordinati
1025 622 1233 704 uidebantur,
1266 625 1358 694 iuter
1391 621 1499 694 laicos
1531 646 1580 693 re·

537 741 634 833 cipi.)

589 855 752 925 Novatus
786 879 807 924 a
836 856 1064 949 Thamugade
1098 856 1180 945 quid
1216 854 1341 925 fecerit
1376 854 1481 935 dixit,
1515 875 1581 923 non

537 980 658 1039 autem
690 969 821 1060 aliquid
856 970 998 1053 adtulit,
1028 971 1123 1039 unde
1157 991 1195 1038 ss
1230 968 1433 1038 ostenderet
1472 968 1581 1038 facere

540 1085 699 1155 debuisse
729 1086 821 1175 quod
848 1085 942 1154 fecit.
996 1084 1204 1154 Nominavit
1233 1085 1327 1153 enim
1354 1082 1581 1153 testimouium

539 1198 802 1292 Scripturacum
828 1207 860 1269 et
884 1198 1053 1269 decretum
1079 1196 1294 1294 colieqarum,
1318 1198 1380 1267 sed
1405 1220 1479 1266 non
1504 1197 1582 1266 inde

538 1315 671 1406 aliquid
689 1314 837 1406 protulit
854 1314 947 1405 quod
964 1315 1184 1384 considerare
1202 1334 1392 1405 possemus.

398 1461 414 1492 a
458 1462 493 1494 ι.
589 1428 842 1516 (Nemesianus
876 1451 897 1497 a
930 1428 1089 1498 Tubunis
1123 1430 1234 1499 dixit:
1277 1425 1463 1521 Baptisma
1498 1425 1585 1520 quoi

539 1542 623 1613 daut
646 1541 799 1613 haretici
825 1551 856 1613 et
885 1540 1103 1626 schismatici,
1127 1567 1196 1614 uou
1222 1566 1292 1613 esse
1313 1566 1439 1625 ocium,
1466 1539 1584 1635 ubique

539 1658 578 1726 iu
608 1658 791 1750 suiptueis
821 1659 948 1727 sauciis
977 1655 1185 1728 deciaratum
1215 1666 1284 1727 est:
1324 1658 1487 1750 quoniam
1518 1656 1584 1747 ipsi

423 1765 426 1768 ’
534 1772 717 1866 prepositi
739 1794 854 1842 coium
866 1770 960 1867 salsi
979 1770 1115 1845 Christi
1131 1780 1220 1854 suut,
1237 1779 1269 1842 et
1282 1769 1377 1866 suisi
1397 1766 1583 1863 propheta,

378 1885 671 1958 monadicam
686 1886 840 1957 Domino
852 1911 919 1981 per
934 1886 1163 1970 Salomonem,
1183 1886 1253 1975 Qui
1265 1886 1382 1979 fideus
1399 1893 1449 1955 est
1466 1880 1585 1979 iasci-

377 1984 498 2019 maxx.
540 2004 599 2083 sis,
620 2000 677 2072 uu
696 2003 811 2095 pascit
836 2010 959 2085 ocutos,
982 2001 1070 2071 idem
1097 2009 1208 2071 autem
1234 2002 1307 2094 ipse
1331 2000 1487 2094 sequitur
1511 2020 1585 2069 aues

540 2113 698 2186 oomutes.
751 2112 914 2186 hDeserit
943 2117 1034 2186 euim
1064 2117 1137 2186 vias
1167 2116 1276 2186 uinea
1299 2138 1381 2195 sua,
1409 2136 1431 2182 a
1459 2114 1585 2183 semitis

541 2253 619 2300 ouo
648 2230 749 2326 aquili
774 2233 831 2301 sui
860 2232 998 2301 emunit.
1050 2228 1253 2326 qureditur
1278 2236 1389 2298 autem
1414 2250 1483 2321 per
1508 2227 1584 2297 auia

541 2344 615 2417 mco
632 2354 731 2441 atque
747 2345 850 2416 acida
867 2355 898 2416 et
915 2355 1042 2416 terrum
1060 2344 1262 2414 destinatam
1280 2345 1352 2427 siti,
1371 2343 1585 2437 coissequitur

379 2479 517 2541 numu
542 2469 652 2530 amem
686 2460 842 2531 manibus
876 2459 1101 2555 infructuosa.
1153 2458 1201 2528 Et
1234 2461 1383 2529 itanum.-
1411 2456 1469 2528 Ab
1497 2479 1584 2551 aqua

540 2574 654 2646 aliena
678 2574 806 2645 abstine
828 2584 869 2658 te,
888 2584 919 2644 et
941 2574 982 2645 de
992 2573 1096 2670 sonte
1116 2572 1230 2644 alieno
1250 2597 1293 2643 ue
1308 2570 1442 2653 biberis,
1461 2580 1500 2641 ut
1515 2570 1586 2642 iou·

535 2713 618 2785 qum
649 2692 742 2759 eioas
773 2698 910 2783 tempus,
934 2688 1145 2781 adjiciantur
1163 2690 1264 2757 etiam
1293 2686 1355 2756 tibi
1384 2688 1472 2756 anni
1499 2687 1583 2757 oitoe.

540 2803 590 2873 Et
622 2806 660 2871 iu
694 2803 884 2900 anuqelio
917 2828 980 2873 sua
1015 2826 1091 2874 uoce
1126 2801 1301 2872 Dominus
1335 2810 1449 2871 uoster
1483 2800 1585 2871 Jesus

377 2937 530 2997 iohannis.
543 2917 703 2991 Cluistus
721 2917 849 2989 loeutus
867 2927 914 2988 est
931 2918 1058 3001 diceus,
1076 2916 1158 2986 Nisi
1177 2918 1253 3010 quis
1266 2913 1530 3009 renatussuerit
1546 2938 1586 2984 ae

541 3056 630 3126 aqua
652 3040 683 3101 et
699 3031 982 3124 Spiritu-sauata,
999 3055 1067 3101 nou
1088 3039 1198 3125 potest
1221 3033 1367 3100 introire
1391 3032 1429 3099 iu
1447 3053 1585 3126 requam

379 3157 440 3204 ⁰01¹·
453 3156 469 3201 i·
482 3170 504 3204 τ·
541 3145 621 3215 Dei.
674 3145 747 3215 Hic
772 3154 819 3214 est
836 3145 1004 3238 Spiritus,
1022 3148 1082 3239 qui
1107 3144 1148 3215 ab
1174 3147 1275 3214 initio
1284 3143 1471 3239 ferebatur
1488 3167 1586 3236 suqer

541 3283 674 3353 aquam.
727 3259 844 3353 Neque
864 3262 952 3329 euim
972 3259 1128 3353 Spiritum
1151 3261 1225 3328 siue
1250 3283 1339 3352 aqua
1366 3262 1506 3352 operari
1526 3282 1586 3351 po

541 3383 612 3456 test,
631 3398 736 3467 aeque
752 3399 841 3467 aqua
862 3377 936 3444 siue
952 3374 1101 3466 Spiritu.
1153 3371 1251 3441 Male
1268 3396 1347 3467 erqo
1364 3372 1430 3443 sibi
1448 3373 1583 3466 quidam

541 3490 821 3580 interpretantur,
846 3498 882 3556 ut
908 3488 1034 3568 dicant,
1058 3487 1150 3580 quod
1168 3510 1372 3579 pesulanus
1399 3488 1585 3579 impositio-

540 3626 614 3671 nem
633 3601 973 3695 Spiritum-saucium
1006 3604 1185 3694 accipiunt,
1213 3610 1243 3669 et
1275 3603 1326 3670 sic
1353 3603 1585 3694 recipiantum

541 3741 643 3812 quum
670 3716 887 3810 uiauisestum
913 3719 958 3785 sit
989 3725 1129 3808 utroque
1152 3723 1363 3785 sacramento
1389 3714 1507 3784 debere
1535 3738 1585 3784 eos

540 3834 674 3901 renasci
698 3834 733 3900 iu
753 3829 909 3900 Ecclesia
930 3829 1105 3901 catholiea.
1161 3830 1259 3900 Tuua
1284 3833 1407 3923 quippe
1427 3838 1586 3923 poterunt

380 3946 607 4038 Ephesivafilii
624 3945 695 4015 Dei
715 3970 793 4027 esse,
817 3945 947 4015 dicente
964 3944 1140 4037 Apostolo,
1159 3944 1330 4018 Cmuutes
1352 3968 1490 4013 seruare
1511 3947 1584 4013 uui·

581 4154 596 4196 ¹¹
611 4157 748 4223 Quadam
763 4160 809 4213 hic
824 4160 988 4215 Nemesiani
1002 4161 1098 4223 verba,
1114 4179 1175 4233 quas
1195 4160 1223 4214 in
1240 4159 1348 4214 Erasini
1369 4159 1493 4214 editione
1513 4156 1583 4213 haud

541 4253 609 4307 satis
634 4255 807 4326 quadrabant
833 4276 896 4312 cum
924 4257 1106 4330 responsione
1128 4255 1292 4328 Augustini,
1314 4264 1423 4311 mutata
1449 4263 1515 4310 sunt
1538 4271 1584 4327 per

541 4347 732 4405 Lovauienses
746 4359 775 4406 et
789 4352 824 4406 ad
840 4352 973 4425 Cypriani
989 4352 1134 4426 exemplar
1148 4351 1294 4424 castigata.
