3900 5167
383 464 450 531 256
653 506 657 515 ·
751 467 783 529 S.
800 465 1072 530 AUGUSTINI

384 658 448 707 nos
475 638 618 706 omnino
644 638 839 728 pertineat3
865 638 893 706 si
919 645 1041 706 autem
1067 636 1256 707 traditores
1276 636 1427 719 fuerunt,

384 754 476 823 sicut
493 754 555 844 ipsi
575 752 708 831 dicunt,
725 753 774 822 sic
791 751 834 822 ad
853 775 1004 823 noanon
1024 752 1190 843 pertinet,
1202 753 1432 844 quamadmo-

385 869 470 938 dum
488 892 554 938 neo
571 868 615 938 ad
633 890 696 937 nos
713 889 778 936 nec
795 867 839 936 ad
857 869 950 958 ipsos
966 867 1018 937 illi
1037 868 1329 959 prevaricatores.
1378 866 1430 938 Ao

386 1008 449 1078 per
465 984 531 1054 boo
552 984 717 1075 quoniam
743 1005 788 1052 ex
815 984 987 1075 majorum
1014 994 1215 1054 nostrorum
1243 985 1430 1076 iniquitate

386 1100 522 1171 nullum
553 1111 607 1169 est
637 1100 769 1168 crimen
800 1110 970 1181 nostrum,
998 1123 1044 1170 ex
1073 1101 1212 1192 proprio
1243 1099 1432 1170 schismate

386 1232 523 1288 certum
541 1226 595 1285 est
612 1216 745 1284 crimen
762 1213 915 1283 illorum.

318 1388 325 1400 .
437 1332 555 1402 Satius
571 1353 593 1399 a
610 1328 781 1399 Sicilibba
802 1328 913 1399 dixit:
939 1327 984 1400 Si
1008 1326 1180 1399 hereticis
1202 1330 1241 1399 in
1266 1327 1431 1423 baptismo

385 1470 448 1516 suo
468 1452 610 1540 peccata
638 1442 821 1526 donantur,
838 1446 913 1514 siae
942 1467 1063 1515 caussa
1092 1443 1140 1513 ad
1161 1442 1354 1515 Ecclesiam
1381 1468 1433 1515 oe-

386 1564 497 1632 niaot.
552 1558 644 1629 Nam
674 1583 749 1630 eum
780 1562 818 1630 io
848 1558 905 1630 die
923 1558 1057 1653 judieii
1084 1567 1221 1652 peccato
1253 1559 1325 1628 siat
1359 1582 1434 1652 aaa

380 1677 590 1771 puniantur,
608 1671 700 1744 nihil
724 1682 772 1743 est
797 1672 889 1767 quod
913 1674 1032 1743 timere
1051 1674 1188 1767 possint
1213 1670 1370 1743 heretici
1394 1672 1435 1743 de

375 1791 516 1885 judicio
534 1787 679 1871 Christi,
700 1792 732 1858 si
756 1798 836 1859 sant
857 1796 1075 1882 peccatorum
1098 1789 1331 1861 remissionem
1357 1800 1434 1861 coo·

388 1906 504 1975 secuti.

440 2019 488 2088 Et
505 2019 578 2088 baec
595 2029 733 2111 poterat
751 2020 859 2089 etiam
883 2031 1004 2091 nostra
1020 2043 1096 2091 esse
1117 2021 1313 2090 sententia:
1340 2020 1434 2089 vide-

388 2136 568 2204 litantem
587 2147 712 2205 auctor
735 2138 810 2227 ejus
836 2160 906 2227 quo
931 2138 1050 2205 animo
1077 2136 1173 2206 dicta
1198 2136 1255 2204 sit.
1308 2133 1434 2205 Verbis

388 2261 506 2320 tamen
524 2251 575 2321 ita
591 2251 794 2320 modificata
811 2260 876 2331 est,
895 2260 1023 2319 utnon
1044 2273 1102 2319 me
1120 2251 1239 2342 pigeat
1258 2272 1300 2319 eo
1318 2251 1434 2319 animo

387 2368 586 2437 consentire
603 2377 710 2458 atque
728 2367 956 2447 subscribere,
974 2390 1045 2457 quo
1063 2377 1101 2435 et
1123 2389 1189 2458 ego
1212 2367 1328 2435 sentio
1352 2365 1451 2456 bap-

389 2484 535 2553 tismum
558 2483 700 2573 quidem
723 2481 853 2553 Christi
880 2482 1066 2552 haereticos
1091 2504 1192 2574 posse
1217 2481 1358 2561 habere,
1375 2480 1433 2550 sed

389 2598 629 2668 remissionem
658 2608 884 2689 peccatorum
912 2620 981 2666 non
1009 2596 1149 2667 habere.
1205 2595 1290 2665 Non
1314 2604 1433 2665 autem

387 2714 449 2794 ait,
477 2713 513 2782 Si
543 2714 696 2782 haeretici
726 2714 908 2804 baptizant
934 2724 997 2782 aut
1023 2713 1267 2805 baptizantur:
1294 2711 1367 2791 sed,
1391 2708 1435 2781 Si

387 2827 569 2908 hereticae,
591 2831 718 2919 inquit,
743 2829 779 2897 ia
806 2828 971 2922 baptismo
998 2852 1060 2898 suo
1085 2835 1223 2921 peccota
1251 2825 1434 2906 donantur,

387 2946 462 3013 siae
479 2968 598 3013 corrasa
616 2943 663 3011 ad
674 2942 863 3013 Ecclesiam
882 2945 1031 3013 traiciant.
1087 2942 1182 3012 Nam
1202 2945 1229 3012 si
1248 2966 1311 3033 pro
1330 2941 1435 3010 haere·

389 3060 467 3128 ticis
491 3082 661 3150 ponamus
687 3059 764 3127 illos
787 3082 874 3148 quos
899 3061 934 3127 in
953 3058 1112 3127 Ecclesia
1130 3070 1275 3127 noverat
1294 3057 1435 3149 Cypria-

389 3199 465 3256 nus,
485 3174 614 3244 saeculn
633 3176 747 3243 verbis
770 3174 861 3253 solis,
886 3187 922 3242 et
949 3198 1018 3242 nou
1046 3175 1147 3242 factis
1174 3174 1434 3253 renuntiantcs3

389 3292 536 3360 totidem
558 3292 671 3360 verbis
689 3314 872 3382 possumus
890 3291 980 3359 hane
1002 3294 1215 3360 sententiam
1240 3292 1349 3358 etiam
1375 3311 1434 3357 nos

389 3407 566 3474 verissime
588 3406 725 3486 dicere3
754 3405 791 3473 Si
811 3404 984 3472 fallaciter
1001 3406 1175 3473 conversis
1198 3404 1232 3471 in
1261 3403 1435 3493 baptismo

388 3545 451 3589 suo
478 3530 621 3612 peccata
648 3521 832 3598 donantur,
851 3520 926 3587 siue
947 3540 1069 3587 caussa
1092 3518 1136 3585 ad
1156 3540 1274 3586 veram
1294 3540 1436 3586 conver·

388 3638 521 3704 sionem
541 3647 663 3726 postea
680 3637 930 3726 perducuntur.
976 3635 1068 3702 Nam
1088 3657 1166 3701 cum
1188 3635 1222 3700 in
1243 3634 1300 3701 die
1311 3634 1434 3722 judicii

389 3760 535 3840 peccata
564 3752 634 3818 sint
662 3774 738 3840 quae
767 3750 971 3839 puniuntur,
994 3747 1080 3816 nihil
1108 3759 1162 3815 est
1189 3748 1281 3837 quod
1311 3749 1435 3815 timere

390 3867 533 3956 possint,
553 3867 610 3955 qui
638 3864 768 3933 saeculo
787 3865 901 3933 verbis
927 3864 1008 3933 solis
1032 3874 1068 3932 et
1095 3887 1163 3932 non
1183 3865 1286 3932 factis
1310 3885 1436 3931 renun-

388 3982 533 4061 tiarunt,
554 3982 597 4048 de
617 3982 752 4071 judicio
771 3980 911 4059 Christi,
930 3982 957 4048 si
983 3993 1062 4048 sunt
1089 3981 1328 4047 remissionem
1358 4002 1435 4070 pee-

389 4107 547 4163 catorum
579 4098 768 4164 consecuti.
821 4095 891 4164 Sed
922 4098 989 4164 ista
1017 4096 1237 4164 ratiocinatio
1265 4090 1325 4163 tali
1354 4118 1435 4164 con-

390 4211 541 4277 nexione
569 4212 757 4300 perficitur,
780 4222 821 4278 ut
847 4211 1079 4302 adjungamus
1105 4212 1274 4290 dicentes,
1295 4207 1435 4279 Debent

390 4334 509 4390 autem
540 4325 664 4392 timere
683 4326 812 4393 Christi
834 4327 1020 4414 judicium,
1040 4336 1076 4393 et
1101 4325 1213 4392 veraci
1241 4326 1347 4392 corde
1373 4324 1434 4393 ali-
