3900 5167
620 452 652 514 S.
677 448 963 513 SCRIPTURAE
989 444 1350 510 ANTE-NICAENA.
1436 443 1502 510 387

455 621 627 714 γενόμενος
653 622 686 690 ἐν
706 622 779 704 ὑμῖν
803 617 889 692 κατά
916 618 1098 716 πρόσωπον
1120 623 1186 690 τῶν
1207 617 1292 689 τότε
1315 617 1501 713 ἀνθρώπων,

455 733 598 829 ἐδίδαξεν
614 736 755 833 ἀκριβῶς
779 735 832 805 καί
856 735 1001 822 βεβαίως
1025 732 1086 805 τάν
1106 733 1182 830 περὶ
1208 732 1359 814 ἀληθείας
1383 730 1500 824 λόγον·

455 850 491 928 ὃς
515 851 568 922 καί
591 850 683 921 ἀτάν
707 851 780 932 ὑμῖν
803 846 960 946 ἔγραψεν
984 846 1179 935 ε’τιστολάς,
1205 850 1248 924 εἷς
1272 845 1311 923 ἃς
1335 844 1389 915 ε’ἀν
1410 845 1503 937 ἐγκό-

455 996 574 1050 ττητε,
600 964 817 1048 θυνηθῆσεσθε
847 963 1088 1047 οἰκοδομεῖσθαι
1114 964 1145 1039 ἐς
1169 963 1229 1046 τὴν
1254 962 1405 1033 δοθεῖσαν
1430 962 1503 1043 ὑμῖν

456 1080 582 1150 πίστιν.
608 1103 684 1172 cap.
699 1086 733 1151 3.
751 1103 785 1172 p.
797 1085 881 1150 508.
901 1080 987 1151 edit.
1004 1079 1193 1150 Jneobson.

507 1192 616 1262 ΠΑΣ
645 1191 727 1290 γὰρ,
752 1192 787 1269 ὃς
815 1191 856 1264 ἀν
882 1194 927 1276 μὴ
956 1193 1111 1286 ὁμολογῇ
1136 1192 1264 1274 Ἰησοῦν
1286 1189 1442 1286 Χριστὸν
1471 1191 1503 1261 ἕν

455 1313 554 1407 σαρκί
575 1314 774 1397 ἐληλυθέναι,
791 1311 1009 1409 ἀντίχριστός
1030 1311 1116 1382 ἐστι·
1143 1312 1179 1402 (l
1194 1309 1302 1382 Joan.
1320 1312 1365 1380 iv.
1380 1310 1431 1398 8.)
1450 1309 1502 1379 καὶ

455 1425 490 1502 ὃς
505 1426 545 1497 όν
561 1429 606 1511 μὴ
623 1429 777 1521 ὁμολογῇ
798 1425 841 1499 τό
862 1427 1044 1524 μαρτύριον
1060 1432 1122 1496 τοῦ
1137 1432 1292 1523 σταυροῦ,
1310 1426 1342 1493 ἐκ
1358 1431 1419 1493 τοῦ
1436 1422 1505 1495 θια-

454 1541 564 1627 βόλαν
590 1543 674 1614 ε’στί.
710 1543 762 1613 καί
790 1543 824 1619 ὃς
851 1540 891 1611 όν
915 1539 1069 1634 μεθοθεόη
1096 1539 1142 1612 τά
1169 1540 1273 1633 λόγια
1298 1546 1360 1610 τοῦ
1380 1538 1504 1634 Κυρίου

455 1653 538 1751 πρὸς
558 1654 619 1732 τὰς
636 1654 716 1733 idias
735 1657 914 1740 ἐπιθυμίας,
931 1657 983 1726 καὶ
1006 1656 1091 1749 λε’γη
1114 1660 1199 1738 μήτε
1221 1652 1405 1725 ἀνάστασιν
1419 1657 1504 1736 μήτε

453 1771 560 1866 κρίσιν
586 1769 675 1852 εἶναι,
692 1772 788 1848 οὗτος
811 1770 1026 1867 τρωτότοκός
1047 1772 1121 1842 ε’στι
1148 1776 1210 1842 τοῦ
1235 1771 1384 1841 Σατανᾶ.
1411 1770 1501 1840 Ibid.

456 1909 532 1978 cop.
552 1891 587 1963 7.
604 1891 735 1979 p.518.

859 2052 896 2123 S.
916 2052 1099 2123 Innitens.

505 2197 592 2270 Non
615 2201 710 2269 enim
736 2222 799 2291 per
820 2200 907 2271 alios
933 2200 1200 2294 dispositionem
1227 2198 1350 2270 solutis
1376 2208 1502 2269 nostroe

453 2313 694 2408 eognovimus,
709 2336 813 2405 quam
832 2335 896 2406 per
912 2336 983 2396 eos,
1001 2336 1064 2405 per
1080 2335 1167 2405 quos
1185 2312 1407 2405 evangelium
1423 2334 1503 2404 per-

453 2429 552 2498 venit
585 2427 631 2497 ad
665 2449 750 2510 nos3
780 2427 876 2519 quod
906 2427 1050 2519 quidem
1079 2437 1166 2498 tuno
1200 2434 1501 2519 praeconandum,

451 2551 576 2635 postea
592 2564 676 2612 vero
701 2565 765 2634 per
788 2540 857 2611 Dei
879 2541 1102 2613 voluntatem
1127 2543 1164 2612 in
1186 2540 1376 2634 Scripturis
1400 2541 1502 2612 nobis

453 2658 686 2741 tradiderunt,
704 2658 975 2727 fundamentum
994 2665 1032 2727 et
1049 2656 1250 2728 columnam
1268 2657 1351 2726 fidei
1374 2666 1501 2727 nostrae

452 2773 624 2842 futurum.
678 2770 810 2844 Contra
822 2769 994 2852 Ησνοεοε,
1012 2771 1073 2842 lib.
1090 2772 1139 2841 iii.
1154 2795 1229 2863 oap.
1244 2776 1277 2841 1.
1295 2796 1328 2865 p.
1343 2776 1426 2848 173.
1445 2771 1500 2841 od.

453 2886 589 2956 Bened.
601 2885 736 2956 Venet.
767 2885 858 2954 Tum
877 2886 1043 2977 deinceps
1060 2886 1215 2957 ostendit
1234 2887 1400 2968 Irenaeus,
1418 2909 1501 2978 apo·

452 2997 561 3069 stolos
587 2997 724 3069 indotos
753 2998 1021 3092 supervenientis
1046 2998 1203 3092 Spiritus
1228 2999 1352 3072 Sancti
1377 3000 1501 3071 virtute

453 3134 497 3182 ee
513 3109 584 3182 atto
596 3109 786 3206 perfectam
805 3112 1014 3208 aynitionom
1031 3110 1197 3185 habuisse.

499 3222 570 3316 Ἐξ
592 3225 633 3294 όν
657 3224 809 3321 φανερὸν,
828 3225 881 3295 ότι
907 3227 926 3294 ὁ
951 3230 1017 3295 τῶν
1034 3223 1188 3299 ἀπόντων
1204 3229 1354 3324 τεχνίτης
1372 3225 1498 3320 Λόγος,

451 3340 470 3410 ὁ
496 3343 672 3420 καθήμενος
696 3338 750 3410 ε’πί
774 3337 835 3411 τὸν
852 3339 1039 3430 Χερουβὶμ,
1065 3341 1117 3410 καὶ
1143 3343 1284 3436 σννὲχιον
1308 3340 1352 3413 τά
1378 3339 1498 3427 vitea,

451 3453 648 3548 φανερωθείς
671 3464 742 3531 τοῖς
764 3455 957 3550 ἀνθρώποις,
974 3453 1084 3526 ἔδωκεν
1107 3458 1180 3536 ἡμῖν
1200 3451 1440 3553 τετράμορφον
1455 3456 1499 3528 τό

450 3570 658 3660 εὐαγγέλιον,
676 3571 719 3640 ἑνὶ
743 3569 777 3641 di
802 3569 971 3653 Πνεόματι
997 3571 1220 3668 συνεχόμενον.
1247 3572 1337 3642 Ibid.
1356 3596 1430 3665 cap.
1449 3576 1497 3644 xi.

451 3680 482 3777 ἡ.
498 3689 531 3760 7.
549 3708 583 3776 p.
599 3690 682 3763 190.

498 3798 699 3869 Praevidens
711 3799 864 3892 Spiritus
875 3800 1027 3872 Sanetus
1039 3804 1339 3896 depravatores,ot
1349 3824 1499 3895 praemu-

449 3913 550 3982 niens
564 3924 687 3983 contro
697 3913 971 3985 fraudulentiam
983 3939 1118 4001 eorum,
1130 3940 1193 4009 per
1204 3916 1418 3987 Metthaeum
1429 3920 1495 4001 sit3

453 4020 589 4096 Cioisti
605 4035 715 4096 autem
729 4028 907 4123 qenerotio
923 4029 974 4099 sio
991 4039 1073 4101 erat.
1102 4029 1193 4100 Ibid.
1212 4052 1287 4121 cap.
1301 4033 1371 4101 xvi.
1392 4031 1419 4130 d.
1435 4039 1468 4102 2.

497 4180 600 4195 —-
614 4143 666 4211 καὶ
683 4145 723 4216 ὡς
740 4143 977 4225 ἀπεμνημόνευε
993 4144 1069 4218 τοὺς
1087 4145 1209 4237 λόγους
1227 4148 1329 4217 αὐτῶν
1346 4148 1425 4235 (τῶν
1442 4149 1496 4218 ἔω-

450 4254 598 4349 ρακότιον
614 4255 674 4327 τὸν
690 4256 841 4353 Κύριον),
854 4260 905 4328 καὶ
924 4263 998 4355 περὶ
1016 4267 1077 4330 τοῦ
1096 4260 1219 4357 Κυρίου
1235 4262 1306 4332 τίνα
1325 4263 1360 4343 ἦν
1377 4262 1397 4332 θ
1416 4266 1496 4359 παρ’

449 4368 568 4438 ἐκείνων
582 4371 706 4453 ἀκηκόει
722 4373 965 4467 (polycarpus)
979 4376 1030 4444 καί
1049 4377 1121 4472 περὶ
1140 4381 1204 4445 τῶν
1218 4374 1373 4459 θννάμεων
1387 4380 1495 4460 αὑτοῦ,

923 4509 943 4547 Χ
959 4510 981 4548 X
999 4508 1017 4552 2
