3900 5167
441 434 506 498 266
807 434 838 496 S.
855 434 1124 498 AUGUSTINI

441 629 500 676 cos
518 606 681 699 baptismi
697 607 819 699 gratia.
871 605 930 676 Sic
954 617 1008 676 est
1031 614 1150 676 autem
1174 627 1283 674 unum
1306 606 1478 697 baptisma

440 731 478 790 et
496 744 566 791 nna
582 718 750 802 Ecclesia,
768 720 1062 812 quemadmodum
1080 729 1134 789 est
1150 742 1220 788 una
1239 742 1329 811 spes.
1380 720 1479 790 Sicut

440 857 523 928 ergo
541 836 623 904 boni
642 845 679 904 et
695 833 790 915 mali,
808 857 878 904 non
895 834 1065 904 habentes
1082 856 1187 903 unam
1205 855 1316 926 spem,
1334 845 1478 925 possunt

440 958 560 1018 tamen
585 948 715 1018 habere
742 970 849 1018 unum
878 948 1071 1039 baptisma:
1097 948 1148 1016 ita
1173 948 1300 1038 quibus
1327 969 1399 1015 non
1425 954 1480 1016 est

439 1064 637 1132 communis
655 1061 821 1144 Ecclesia,
839 1070 957 1154 potest
973 1062 1148 1153 baptisma
1163 1083 1239 1130 ease
1256 1082 1454 1131 commune.

490 1176 657 1246 Zozimus
674 1199 696 1245 e
711 1176 880 1245 Tharassa
899 1176 1011 1245 dixit:
1037 1173 1255 1246 Rcoelutiorre
1266 1173 1370 1270 sueto
1393 1175 1479 1245 ocri·

438 1295 528 1375 tutia
547 1293 643 1363 cedot
671 1315 770 1363 error
790 1292 946 1362 emtori:
974 1292 1057 1384 quio
1085 1300 1117 1361 ct
1137 1291 1265 1362 Patron
1289 1293 1352 1386 qui
1378 1293 1477 1386 prius

438 1404 706 1487 circumcidebat,
724 1406 822 1476 cessit
840 1402 952 1475 Paulo
968 1406 1141 1476 veritatem
1155 1406 1374 1499 predicanti.

489 1522 754 1615 Respondetur:
783 1522 908 1591 Potest
929 1522 1035 1591 etiam
1062 1530 1180 1621 nostra
1203 1544 1278 1590 esse
1305 1523 1480 1591 sententie

438 1640 514 1719 ista,
533 1638 639 1706 etita
655 1636 787 1705 factum
806 1644 861 1704 est
881 1637 916 1704 in
940 1635 1006 1705 hnc
1023 1636 1068 1705 de
1084 1637 1258 1727 baptismo
1275 1636 1476 1726 quaestione.

338 1787 363 1798 ··
440 1752 537 1821 Nam
555 1751 705 1820 veritate
732 1759 855 1841 postea
881 1749 1048 1840 liquidius
1076 1750 1229 1820 revelata
1253 1751 1359 1819 cessit
1385 1773 1479 1819 error

438 1868 590 1950 veritati,
607 1887 686 1935 cum
712 1864 774 1934 illa
796 1864 1024 1934 saluberrima
1047 1866 1263 1934 consuetudo
1281 1865 1389 1934 etiam
1407 1864 1478 1955 ple-

438 1980 525 2050 narii
551 1978 690 2050 coneilii
715 1979 928 2049 auctoritate
951 1981 1090 2050 firmata
1114 1990 1178 2049 est.
1229 1979 1331 2047 Bene
1348 1989 1476 2059 tamen,

437 2094 532 2184 quod
563 2094 669 2162 toties
698 2094 936 2163 meminerunt
966 2094 1074 2163 etiem
1108 2094 1257 2185 primum
1288 2090 1479 2182 Apostolo-

436 2230 514 2276 rum
550 2206 696 2276 Petrum
732 2208 887 2299 potuisse
921 2206 1024 2276 aliter
1057 2228 1176 2297 sapere
1211 2227 1317 2296 qnam
1354 2206 1480 2274 veritas

436 2321 659 2412 postulabam
685 2320 779 2411 quod
796 2321 963 2389 accidisse
982 2320 1088 2389 etiam
1107 2316 1281 2410 Cypriano
1306 2320 1382 2386 sine
1407 2318 1480 2388 ulla

437 2435 512 2526 ejus
535 2435 752 2504 contumelia
777 2434 961 2515 eredimus,
979 2434 1193 2524 quicumque
1216 2431 1394 2525 diligimus
1412 2432 1477 2523 Cy-

436 2551 619 2641 prianum:
645 2550 728 2639 quia
748 2572 819 2618 non
836 2572 918 2618 eum
936 2547 988 2617 fas
1005 2559 1060 2617 est
1076 2545 1173 2640 diligi
1191 2548 1313 2638 majori
1332 2547 1476 2618 caritate

436 2687 541 2757 quam
561 2663 719 2733 Petrum.

485 2777 649 2848 Julianus
666 2802 688 2847 a
704 2778 851 2871 Telepte
874 2780 985 2848 dixit:
1012 2775 1188 2870 Scriptum
1210 2784 1268 2857 cst,
1286 2774 1396 2845 Nemo
1416 2798 1476 2868 po·

292 2895 311 2989 ⁰·
356 2878 404 2927 ¹¹¹·
436 2902 498 2962 test
515 2894 667 2986 occipere
684 2892 826 2986 aliquid,
845 2894 915 2961 nisi
932 2892 1048 2961 dotum
1067 2890 1243 2985 illisccrit
1259 2889 1301 2959 de
1318 2889 1409 2960 ccelo.
1435 2889 1477 2960 Si

435 3004 578 3075 taeresis
596 3006 637 3077 dc
654 3006 736 3076 ccelo
753 3017 811 3087 est,
823 3016 934 3100 potest
951 3005 1118 3098 baptismo
1136 3004 1228 3073 dure.

487 3120 621 3191 Audiat
652 3131 688 3191 et
718 3122 826 3191 alium
857 3123 1051 3190 dicentem:
1080 3120 1117 3189 Si
1148 3120 1294 3188 avaritia
1324 3120 1369 3188 de
1395 3119 1474 3187 caelo

435 3244 498 3315 est,
523 3245 639 3326 potest
669 3236 843 3326 baptisma
873 3236 964 3303 dare.
1019 3234 1066 3302 Et
1096 3246 1214 3303 tamen
1248 3233 1333 3302 dant
1364 3235 1474 3303 avari:

435 3352 484 3419 sic
503 3374 586 3442 ergo
604 3362 640 3419 et
658 3350 822 3419 heretici.

486 3464 635 3533 Faustus
653 3488 674 3533 a
691 3465 828 3532 Timida
850 3466 946 3555 regia
963 3464 1075 3532 dixit:
1103 3461 1183 3531 Nou
1208 3459 1275 3529 sibi
1300 3458 1476 3529 blandiun-

434 3587 491 3646 tur
516 3579 577 3670 qui
601 3577 770 3647 hereticis
795 3578 1070 3669 patrocinantur.
1125 3576 1195 3664 Qui
1218 3598 1283 3668 pro
1309 3573 1476 3645 doereticr's

433 3691 656 3761 ecclesiastico
686 3689 850 3783 baptismo
881 3690 1068 3771 intercedit,
1096 3689 1171 3759 illos
1200 3687 1418 3760 Christianos
1448 3698 1476 3757 et

433 3827 495 3872 nos
512 3802 688 3873 hereticos
695 3802 800 3896 fucit.
1327 3817 1331 3826 ·

484 3917 579 3985 Huic
611 3919 859 4008 respondetur:
887 3919 925 3987 Si
956 3920 1140 4009 quisquam
1173 3919 1276 3998 dicat,
1308 3941 1390 3986 eum
1419 3917 1474 4005 qui

433 4054 512 4098 cum
550 4032 761 4122 baptismum
797 4033 982 4122 acciperet,
1011 4035 1093 4123 quia
1127 4032 1246 4100 odium
1283 4032 1473 4099 fraternum

431 4146 577 4213 tenebat
600 4147 636 4213 in
661 4146 776 4227 corde,
795 4169 864 4213 non
890 4156 1073 4236 acceperat
1097 4146 1336 4213 remissionem
1354 4166 1474 4235 pecca-

432 4267 560 4340 torum,
582 4283 652 4327 non
679 4283 754 4329 esse
781 4262 910 4328 iterum
940 4261 1201 4350 baptizandum,
1225 4259 1364 4346 quando
1387 4256 1472 4324 illud
