3900 5167
522 447 586 507 140
745 443 999 507 ARCHELAI
1031 444 1095 507 ΕΤ
1127 444 1348 509 MANETIS

522 616 629 696 scitis,
648 613 820 708 periodica
833 612 990 694 Domini,
1009 615 1097 686 simet
1108 614 1180 709 sur
1201 616 1241 685 im
1257 624 1364 694 nocte,
1383 616 1435 686 ito
1451 616 1566 687 ueniet.

523 729 572 800 Et
589 732 766 823 quomodo
793 752 885 799 nunc
909 730 1028 800 adstat
1053 732 1120 800 iste
1147 731 1371 822 persuadens,
1389 742 1428 801 et
1446 752 1570 824 rogans

521 869 799 938 unumquenque
826 846 1061 916 Manichaeum
1088 845 1190 928 effici,
1207 857 1246 916 et
1270 846 1516 927 circumvenit,
1532 856 1569 915 et

521 961 717 1054 ingreditur
733 962 866 1039 domos,
884 961 1047 1052 decipere
1064 984 1223 1053 quoercns
1246 964 1383 1032 animas
1407 972 1569 1031 oneratas

520 1078 697 1167 peccatis?
725 1076 795 1146 Sed
814 1099 878 1146 nos
900 1079 1039 1147 nonita
1056 1078 1238 1162 sentimus,
1256 1077 1343 1168 quin
1370 1078 1493 1169 potius
1515 1098 1569 1145 res

519 1194 612 1283 ipsas
629 1194 845 1283 proferamus
862 1196 898 1262 in
915 1194 1083 1275 medium,
1097 1203 1135 1263 et
1147 1193 1424 1275 conferamussi
1442 1192 1567 1285 placat,

519 1308 563 1377 ad
590 1308 787 1398 perfectum
813 1307 1040 1378 Paraclitum.
1090 1306 1232 1379 Videtis
1248 1308 1343 1378 enim
1362 1310 1448 1401 quia
1463 1311 1569 1380 inter·

520 1425 604 1493 dum
632 1426 791 1514 poenitet,
809 1424 987 1494 interdum
1014 1425 1218 1517 interrogat,
1236 1446 1493 1515 nonnunquam
1509 1427 1567 1495 de·

521 1549 694 1629 precatur.
746 1538 817 1608 Sed
844 1541 1013 1631 scriptum
1039 1548 1093 1609 est
1113 1541 1149 1607 in
1171 1538 1357 1631 evangelio
1374 1540 1567 1611 Salvatoris

520 1655 639 1735 nostri,
657 1656 741 1745 quia
758 1664 795 1724 et
812 1654 875 1736 illi,
893 1657 953 1747 qui
975 1678 997 1724 a
1014 1656 1162 1724 sinistris
1185 1654 1293 1747 Regis
1318 1656 1499 1738 assistunt,
1517 1656 1566 1727 di-

520 1782 612 1852 cent,
633 1768 803 1852 ¹Domime‚
823 1770 959 1865 quondo
976 1780 1008 1841 ie
1028 1770 1178 1840 vidimus
1201 1770 1414 1853 esurientem,
1433 1781 1495 1843 unt
1518 1774 1566 1842 ri·

520 1886 665 1966 ticam,
684 1896 743 1956 ortt
760 1886 901 1968 mudum,
919 1896 979 1956 out
1002 1886 1231 1982 perqqrinum,
1250 1895 1310 1956 ont
1332 1886 1395 1955 ‘in
1420 1911 1564 1971 coroere,

519 2011 551 2071 et
572 2024 640 2072 non
664 2004 937 2074 ministravimus
962 2001 1026 2073 tibi
1034 2002 1057 2071 i
1082 2012 1246 2095 rogantes
1262 2012 1304 2071 ut
1320 2003 1387 2073 sibi
1405 2003 1565 2099 indulge-

518 2128 594 2200 ret3
630 2118 692 2188 sed
727 2120 812 2210 quid
847 2119 916 2188 illis
950 2118 1130 2209 respondit
1163 2120 1282 2210 justus
1309 2118 1425 2209 judex
1462 2120 1563 2191 Rex!

520 2231 742 2304 'Discediteo
760 2257 812 2305 me
828 2234 865 2304 io
884 2235 995 2330 ipmom
1008 2243 1174 2303 aeternum
1189 2233 1344 2326 operarii
1357 2233 1562 2328 iniqnitatis.

518 2348 664 2441 Abjecit
682 2374 742 2420 eos
762 2353 797 2419 in
819 2365 988 2420 aeternum
1012 2352 1141 2443 ignem,
1158 2372 1240 2420 cum
1266 2349 1318 2419 illi
1344 2358 1470 2444 rogare
1495 2376 1562 2422 non

517 2478 665 2536 cessent.
717 2467 874 2537 Videsne
891 2468 974 2558 quid
1001 2468 1047 2537 sit
1069 2468 1216 2557 perfecti
1235 2466 1345 2559 Regis
1365 2468 1562 2540 adventus?

518 2606 587 2652 non
614 2584 733 2665 talem,
757 2582 898 2675 qualern
923 2593 962 2652 tu
991 2584 1114 2652 asseris
1141 2582 1406 2674 perfectionem.
1459 2583 1561 2668 Quod

518 2701 545 2768 si
573 2708 653 2790 post
679 2700 793 2790 ipsum
821 2699 1063 2790 expectandus
1084 2708 1139 2768 est
1160 2720 1309 2791 magnus
1327 2699 1454 2789 judicii
1478 2698 1562 2782 dies,

517 2813 632 2882 multo
650 2816 773 2905 utique
797 2814 853 2883 hic
879 2813 941 2882 illo
959 2814 1102 2882 inferior
1117 2823 1182 2883 est.
1232 2812 1338 2895 Quod
1365 2813 1395 2882 si
1420 2814 1563 2884 inferior

517 2931 594 3009 erit,
613 2930 790 3020 perfectus
811 2953 880 2997 non
899 2930 976 2997 erit.
1030 2928 1068 2997 Si
1094 2928 1271 3020 perfectus
1297 2951 1367 2997 non
1395 2930 1473 3011 erit,
1493 2953 1561 2999 nou

517 3046 561 3114 de
587 3048 662 3136 ipso
680 3046 766 3115 dicit
785 3045 989 3136 Apostolus.
1043 3045 1147 3127 Quod
1174 3045 1202 3113 si
1228 3043 1362 3113 nonde
1382 3045 1460 3137 ipso
1478 3047 1563 3117 dicit

517 3161 718 3251 Apostolus,
740 3163 807 3230 iste
833 3170 953 3230 autem
985 3162 1028 3229 de
1054 3183 1091 3229 se
1117 3159 1251 3228 dictum
1279 3181 1355 3228 esse
1378 3164 1562 3244 mentitur,

515 3277 821 3368 pseudopropheta
838 3277 961 3366 utique
973 3275 1187 3365 judicandus
1205 3285 1269 3342 est.
1304 3274 1374 3343 Sed
1394 3286 1433 3345 et
1449 3277 1562 3348 multa

516 3391 584 3461 alia
601 3393 724 3460 lrorum
745 3389 870 3460 similia
888 3390 956 3458 dici
985 3399 1140 3479 possunt,
1158 3412 1234 3480 quae
1258 3390 1286 3456 si
1309 3391 1429 3460 omnia
1446 3415 1562 3483 perse-

516 3510 575 3599 qui
608 3506 768 3588 velimus,
794 3506 931 3574 nullum
963 3506 1064 3573 nobis
1099 3515 1240 3596 tempus
1273 3505 1318 3573 ad
1353 3507 1472 3577 omnia
1502 3530 1562 3576 ex·

516 3622 644 3714 plenda
661 3622 822 3691 sufficiet.
869 3621 975 3691 Unde
993 3621 1173 3690 abundare
1190 3621 1390 3690 existimavi
1409 3623 1453 3691 de
1472 3622 1561 3692 mul-

516 3741 561 3808 tis
596 3762 707 3830 pauca
741 3739 881 3817 dixisse,
917 3737 1068 3827 reliquas
1099 3748 1215 3828 partes
1250 3747 1422 3807 tractatus
1457 3739 1559 3830 hujus

515 3857 642 3946 exequi
662 3853 861 3923 volentibus
879 3851 1136 3943 derelinquens.

556 4129 561 4158 ¹
586 4123 630 4177 lta
646 4121 769 4193 Vulgata
787 4122 871 4193 juxta
892 4138 1017 4192 graecum
1040 4127 1158 4180 textum,
1175 4119 1332 4192 Cyprianus
1350 4118 1398 4173 lib.
1414 4118 1450 4174 de
1465 4118 1556 4193 Opere

514 4229 541 4273 et
554 4218 748 4292 Elcenrosynis
763 4218 872 4290 aliique.
910 4216 1072 4272 Casineusis
1088 4226 1181 4271 tamen
1197 4216 1291 4277 habet,
1308 4217 1334 4270 in
1350 4234 1492 4271 carcerem.

719 4388 724 4408 ¹
741 4381 814 4435 Mat.
830 4379 896 4436 x'xv.
909 4397 960 4450 44.
1125 4386 1132 4406 ¹
1150 4378 1218 4433 Luc.
1236 4378 1294 4433 xiii.
1309 4392 1356 4450 27.
