3900 5167
829 444 1139 509 DISPUTATIO.
1445 450 1508 510 113

457 632 524 682 nus
541 612 737 696 bominum,
755 620 848 709 quod
867 620 964 712 virga
981 620 1094 691 ferrea
1110 623 1184 713 regi
1203 622 1358 713 indigeat
1376 646 1397 691 a
1414 622 1503 691 Deo.

458 726 658 800 Excitabat
674 755 758 826 ergo
775 756 878 815 mors,
897 744 1034 806 etcum
1056 738 1152 805 omni
1179 745 1356 828 potestate
1382 760 1506 830 regna-

457 848 653 940 batosque
678 848 722 917 ad
745 848 907 942 Moysen,
925 851 1034 920 etiam
1056 852 1092 920 in
1110 874 1180 933 eos,
1198 853 1259 943 qui
1285 875 1356 921 non
1381 852 1525 944 pecca‘

457 976 592 1046 verant,
620 965 688 1036 hoc
715 965 833 1048 modo,
860 987 930 1056 quo
958 966 1133 1049 diximus;
1168 989 1273 1058 super
1301 977 1504 1058 peccatores

456 1080 612 1171 quidem,
630 1079 740 1150 veluti
767 1082 933 1172 proprios,
950 1082 1088 1174 sibique
1114 1081 1300 1173 subjectos,
1321 1084 1413 1152 sicut
1436 1083 1504 1153 fuit

457 1194 558 1278 Cain,
575 1204 614 1265 et
632 1195 762 1278 'Juda;
788 1219 893 1288 super
911 1197 1029 1287 justos
1050 1219 1133 1266 vero
1154 1206 1298 1290 propter
1313 1196 1391 1278 hoc,
1409 1198 1504 1289 quod

456 1332 526 1380 non
554 1313 793 1381 consentirent
818 1313 862 1393 ei,
883 1313 967 1403 quin
993 1314 1112 1404 potius
1137 1312 1349 1395 resisterent,
1367 1312 1504 1383 abscin-

456 1425 582 1494 dentes
599 1447 621 1494 a
637 1446 675 1494 se
701 1423 886 1494 libidinum
905 1425 992 1494 vitia
1008 1435 1045 1495 et
1062 1425 1372 1517 concupiscentias,
1390 1425 1503 1497 veluti

455 1538 504 1621 hi,
534 1541 595 1631 qni
626 1539 767 1610 fuerant
793 1539 838 1609 ab
864 1539 969 1621 Abel,
996 1547 1034 1610 et
1063 1562 1175 1632 usque
1204 1539 1249 1610 ad
1283 1538 1502 1625 Zachariam,

457 1656 686 1727 'transferens
703 1678 842 1748 semper
858 1657 1026 1748 usquead
1045 1664 1186 1748 tempus
1203 1658 1239 1725 in
1253 1655 1385 1727 similes
1397 1656 1501 1727 illius.

455 1770 549 1840 Cum
567 1794 650 1841 vero
667 1772 837 1842 adfuisset
864 1771 1018 1866 Moyses,
1039 1781 1077 1842 et
1103 1772 1220 1865 legem
1243 1773 1397 1843 dedisset
1422 1772 1503 1844 filiis

455 1885 575 1967 Isra'el,
593 1896 630 1957 et
646 1897 844 1959 revocasset
867 1889 918 1958 eis
943 1889 980 1957 in
1003 1888 1210 1958 memoriam
1231 1910 1352 1958 omnes
1372 1889 1503 1980 justifi-

454 2002 612 2073 cationes
645 2002 743 2097 legis‚
771 2026 988 2096 quascunque
1022 2003 1206 2074 observare
1241 2005 1437 2095 oportebat,
1462 2014 1502 2077 et

454 2119 581 2194 facere,
608 2140 669 2189 eos
697 2141 779 2189 vero
810 2118 913 2202 solos,
942 2121 1005 2210 qui
1035 2119 1344 2211 praevaricarentur
1373 2119 1500 2213 legem,

454 2237 561 2307 morti
588 2235 762 2318 traderet;
787 2236 953 2306 intercisa
975 2244 1030 2306 est
1055 2257 1159 2315 mors,
1178 2258 1223 2306 ne
1249 2258 1353 2328 snper
1378 2259 1501 2308 omnes

453 2364 637 2447 regnaret3
664 2352 834 2446 regnabat
851 2353 946 2422 enim
969 2374 1076 2444 super
1098 2361 1301 2444 peccatores
1327 2352 1430 2435 solos,
1449 2355 1500 2423 di·

453 2478 559 2540 cente
576 2469 642 2540 sibi
660 2468 750 2561 lege,
766 2477 827 2539 ἠε
846 2468 1030 2564 coelipetis
1050 2465 1120 2548 tros,
1139 2469 1199 2559 qui
1225 2489 1306 2538 inea
1321 2479 1501 2561 praecepta

452 2585 669 2655 custodiunt.
722 2582 840 2676 Hujus
862 2607 946 2676 ergo
970 2584 1067 2653 verbi
1092 2583 1328 2653 ministerium
1355 2581 1500 2676 Moyses

452 2697 583 2768 detulit
610 2699 727 2778 morti,
758 2696 910 2789 reliquos
940 2720 1063 2767 omnes
1092 2699 1378 2789 praevaricatores
1411 2697 1499 2792 legis

451 2812 633 2885 hinteritui
650 2814 809 2896 tradens;
833 2836 904 2883 non
922 2814 1017 2883 enim
1035 2835 1097 2904 pro
1116 2836 1169 2892 eo,
1183 2821 1224 2881 ut
1242 2814 1386 2882 omnino
1402 2837 1498 2884 mors

451 2929 550 3001 nulla
567 2953 614 3000 ex
630 2939 731 3023 parte
747 2938 921 3022 regnaret,
940 2928 1085 3021 Moyses
1101 2928 1255 3011 advenit,
1274 2951 1354 2998 cum
1373 2931 1497 3022 utique

449 3046 595 3139 plurimi
611 3047 718 3115 etiam
744 3053 825 3136 post
844 3044 997 3137 Moysen
1019 3043 1084 3114 sub
1100 3045 1224 3114 mortis
1242 3044 1376 3114 ditione
1399 3053 1497 3114 tene·

451 3171 584 3232 rentur.
636 3160 697 3230 Ex
722 3160 790 3230 hoc
811 3160 1041 3230 ministeriam
1060 3158 1180 3229 mortis
1196 3158 1413 3251 appellatum
1431 3167 1495 3241 est,

450 3272 632 3369 iquoniam
659 3274 724 3346 soli
749 3285 1020 3369 transgressores
1046 3273 1133 3367 legis
1158 3273 1403 3365 puniebantur,
1425 3295 1496 3342 non

490 3490 564 3550 ¹¹In
586 3492 734 3550 Carrinensi
758 3492 865 3559 codice,
887 3492 981 3547 iaterr't
1005 3499 1034 3547 at
1057 3490 1176 3553 tradens,
1200 3487 1366 3545 manifestus
1390 3488 1496 3545 librarii

450 3609 539 3647 error.

489 3684 499 3727 ἱ
520 3685 599 3743 Scite
619 3686 753 3743 adversos
774 3656 1006 3748 Manicheam
1026 3683 1146 3745 videtur,
1160 3682 1208 3739 Jo.
1225 3681 1447 3757 chrysostomus
1467 3681 1495 3737 in

449 3784 525 3839 hunc
534 3783 570 3839 D.
576 3782 655 3839 Pauli
668 3783 761 3839 locum
775 3782 900 3839 Homilia
912 3797 938 3855 7.
953 3781 1012 3837 Per
1021 3781 1118 3836 mortis
1128 3788 1215 3836 autem
1225 3780 1400 3835 ministeriam
1412 3779 1494 3853 legem

450 3882 588 3956 tutelaqa.
623 3882 710 3956 Atque
730 3881 837 3935 interim
860 3880 929 3942 vide,
952 3896 1031 3953 qaam
1052 3877 1143 3934 sedala
1167 3879 1195 3933 ia
1217 3878 1271 3933 ista
1297 3876 1495 3949 recuperatione

450 3988 550 4044 coam,
576 3996 611 4035 ac
633 3978 716 4034 allam
739 3977 872 4034 hereticis
893 3996 987 4032 ansam
1013 3975 1139 4049 prebeat.
1181 3974 1246 4030 Noa
1270 3974 1339 4029 enim
1358 3974 1427 4029 dicit
1451 3974 1494 4029 lea

451 4086 559 4133 morton
574 4077 664 4151 efficit,
679 4075 728 4131 sed
744 4076 839 4130 martis
852 4075 1016 4130 ministratio
1030 4083 1080 4129 est.
1123 4073 1244 4127 Mortem
1264 4072 1333 4126 enim
1354 4073 1492 4127 ministra-

571 4270 579 4292 ¹
598 4265 821 4340 [Corrigendum
836 4263 947 4336 laiac]
1089 4268 1096 4291 ¹
1116 4261 1193 4333 [For.
1209 4260 1365 4331 transiere]

873 4361 943 4417 ³Ps.
959 4381 1002 4415 cu.
1021 4376 1062 4434 15.

493 4481 559 4523 voa.
573 4481 600 4520 v.
990 4477 1009 4521 (i
