3900 5167
795 464 1103 529 DrsPUTATIO.
1431 466 1491 534 191

449 663 543 719 nam,
562 663 643 731 quae
660 635 711 708 iiu
738 638 823 710 locis
849 639 918 709 illis
945 649 1010 722 est,
1029 649 1066 708 et
1094 661 1184 731 pene
1212 639 1360 708 dixerim
1391 659 1495 728 snper

450 778 593 827 omnem
610 755 801 836 hominem,
816 755 1020 848 diligentius
1036 765 1158 826 tamen
1175 755 1250 824 baec
1267 755 1400 835 didicit,
1419 778 1495 845 quoe

449 874 488 943 in
520 871 592 941 illis
624 880 776 963 quatuor
810 870 939 942 libellis
971 871 1267 954 continebantur3
1310 872 1495 963 acquisivit

450 989 559 1058 etiarn
593 985 783 1078 discipulos
816 994 898 1068 tres,
932 1009 1081 1079 quorum
1121 987 1263 1056 nomina
1296 995 1379 1057 sunt
1411 988 1495 1069 haec,

449 1104 615 1187 Thomas,
642 1102 774 1184 Addas,
807 1112 845 1172 et
879 1101 1042 1172 Hermas.
1104 1102 1203 1172 Tunc
1237 1104 1384 1173 assumit
1418 1102 1496 1173 illos

452 1218 624 1301 *libellos
645 1230 683 1289 et
701 1220 868 1310 transfert
884 1240 956 1300 eos,
974 1219 1025 1287 ita
1042 1227 1084 1287 nt
1100 1217 1214 1289 multa
1234 1218 1302 1289 alia
1323 1243 1345 1289 a
1368 1230 1496 1291 semet-

450 1337 527 1427 ipso
544 1336 712 1405 insereret
734 1336 796 1419 eis,
814 1357 892 1425 quae
918 1333 1070 1404 anilibus
1095 1333 1222 1404 fabulis
1248 1334 1376 1405 similia
1402 1344 1496 1405 sunt.

453 1450 623 1521 Habebat
640 1472 724 1543 ergo
742 1459 813 1519 tres
835 1451 921 1519 istos
944 1448 1133 1540 discipulos
1150 1450 1306 1520 conscios
1323 1449 1496 1519 malorum

452 1588 623 1648 suorum3
666 1588 796 1635 nomen
830 1587 913 1634 vero
947 1564 1075 1635 libellis
1108 1567 1286 1657 proprium
1320 1566 1497 1648 adscribit,

452 1682 577 1773 prioris
602 1681 745 1750 nomine
772 1678 903 1762 deleto,
919 1689 1086 1771 tauquam
1113 1682 1140 1749 si
1168 1703 1227 1750 eos
1254 1679 1348 1751 solus
1375 1703 1420 1750 ex
1444 1703 1498 1751 se-

446 1797 605 1887 metipso
635 1795 888 1886 conscripserit.
939 1793 1039 1864 Tune
1068 1795 1182 1865 visum
1212 1804 1266 1864 est
1293 1797 1326 1866 ei
1354 1797 1498 1865 mittere

453 1911 644 2003 discipulos
660 1933 741 1980 suos
759 1934 840 1980 cum
858 1910 923 2001 bjs,
941 1933 1019 2001 quae
1036 1912 1288 2002 conscripserat
1304 1914 1340 1981 in
1359 1911 1498 1995 libellis,

454 2028 499 2097 ad
529 2028 707 2119 superiora
737 2024 830 2095 illius
861 2025 1050 2096 Provinciae
1077 2024 1165 2107 loca,
1192 2036 1230 2096 et
1259 2050 1322 2117 per
1347 2027 1499 2098 diversas

454 2144 626 2223 civitates,
644 2151 681 2211 et
699 2144 804 2222 vicos,
828 2150 867 2209 nt
893 2141 1040 2210 baberet
1065 2139 1200 2231 aliquos
1226 2164 1264 2211 se
1291 2152 1498 2234 sequentes;

455 2267 493 2328 et
517 2257 671 2327 'l'homas
695 2255 837 2347 quidem
865 2251 996 2346 ¹partes
1013 2255 1154 2349 AEgypti
1182 2257 1292 2327 voluit
1318 2282 1499 2351 occupare,

455 2373 577 2444 Addas
597 2394 681 2442 vero
706 2371 870 2463 Scythia,
896 2370 990 2440 solus
1020 2381 1140 2441 autem
1167 2372 1318 2444 Hermas
1348 2375 1500 2444 residere

456 2511 538 2561 cum
556 2512 600 2558 eo
616 2487 735 2581 clegit.
787 2485 879 2555 Cum
898 2508 982 2578 ergo
1003 2486 1055 2555 illi
1079 2498 1195 2557 essent
1213 2489 1373 2580 profecti,
1392 2489 1500 2583 Regis

455 2603 550 2673 filius
577 2602 786 2694 aegritudine
815 2602 964 2692 quadam
1000 2610 1159 2693 arreptus
1188 2612 1253 2685 est,
1283 2627 1389 2695 quem
1420 2606 1499 2675 Rex

456 2719 569 2789 curari
592 2716 802 2799 desiderans,
821 2717 976 2785 edictum
1004 2717 1186 2807 proposuit
1206 2716 1273 2785 min
1292 2720 1374 2798 vita,
1393 2717 1501 2809 siquis

458 2856 540 2903 eum
566 2854 688 2902 curare
713 2832 833 2924 possit,
851 2832 1009 2923 accipere
1033 2833 1225 2922 praemium,
1242 2809 1357 2901 multo
1375 2855 1500 2924 propo·

458 3052 487 3108 in
508 3052 564 3108 boc
584 3070 722 3108 annorum
744 3069 862 3108 numero
884 3051 1018 3107 mendum
1040 3052 1086 3107 sit.
1130 3052 1229 3109 Codex
1244 3052 1310 3110 Vnt,
1325 3054 1449 3128 Effectus
1462 3064 1503 3112 est

458 3150 544 3225 ἐρίων
552 3169 624 3224 puer
637 3150 684 3205 ille
697 3167 827 3205 annorum
837 3166 925 3222 prope
937 3149 1115 3223 septauqintu.

499 3245 508 3288 i
524 3247 597 3304 Cod.
612 3247 678 3303 Vat.
694 3248 722 3302 in
735 3246 803 3301 locis
817 3245 937 3309 illiceat,
946 3264 1017 3320 pene
1029 3247 1152 3315 dixerim,
1166 3266 1248 3321 snper
1261 3267 1360 3303 omnem
1374 3249 1504 3304 homiaem

450 3337 633 3420 'dilipeatiw
655 3352 744 3399 tamen
762 3343 857 3398 didicit
877 3360 918 3405 ea,
934 3361 991 3416 que
1011 3343 1039 3398 in
1060 3351 1175 3417 quotuor
1189 3344 1246 3399 illis
1267 3345 1366 3402 libellis
1386 3347 1502 3401 contine·

460 3441 564 3497 bontor.
606 3440 757 3513 Aequisivit
771 3439 850 3493 etium
865 3439 923 3512 ipse
936 3439 1090 3512 discipulos.

501 3537 514 3573 ¹⁵
530 3537 603 3593 cod.
619 3536 686 3593 vat.
702 3536 816 3599 libellos,
831 3544 860 3591 ut
875 3535 1039 3607 transferret
1054 3555 1107 3601 eos,
1122 3538 1161 3592 ila
1175 3544 1204 3593 ul
1218 3537 1273 3593 alio
1289 3538 1379 3595 oculto.
1418 3539 1505 3595 l'aulo

460 3643 533 3708 post,
548 3653 582 3689 ea·
593 3641 676 3689 semet
690 3634 748 3706 ipso
761 3632 913 3707 scripserit,
929 3650 989 3704 pro,
1006 3632 1206 3707 consoeipserit.

501 3727 510 3771 ¹
532 3730 604 3786 cod.
627 3730 694 3786 vat.
712 3738 810 3801 portes
834 3728 1029 3802 AEpyptiorum
1054 3730 1138 3785 voluit
1161 3748 1301 3804 occupare,
1326 3732 1418 3787 ,didas
1441 3751 1505 3788 vero

462 3826 562 3901 Syrie.
606 3825 696 3882 Paulo
710 3834 785 3886 aute,
801 3825 895 3898 ipisius,
910 3843 971 3898 pro,
987 3824 1070 3880 illias.

503 3934 527 3964 ¹¹¹
541 3923 708 3998 Legendum
723 3922 852 3989 fortasse,
868 3922 1131 3996 invitone—Atque
1145 3924 1219 3979 hauc
1237 3923 1387 3979 lectionem
1402 3925 1505 3980 contir-

462 4030 521 4076 mat
537 4021 609 4095 seg.
626 4021 710 4077 Alex.
726 4019 792 4075 Vnt.
836 4018 909 4074 Mox
930 4020 960 4074 in
983 4020 1083 4076 eodem
1106 4019 1169 4075 cod,
1194 4038 1290 4075 curare
1309 4030 1409 4094 posset,
1431 4039 1505 4077 occe·

464 4119 547 4181 deret,
565 4119 678 4190 premio
699 4116 784 4171 multo
801 4116 952 4189 proposito.
997 4116 1069 4171 Tunc
1091 4117 1150 4180 iste,
1172 4117 1242 4172 sicut
1263 4118 1313 4182 illi,
1336 4119 1382 4192 qni
1403 4117 1507 4181 cubum,

464 4214 533 4285 quod
552 4232 645 4268 nomen
665 4220 706 4267 est
727 4212 798 4276 aleae,
814 4212 906 4267 ledae
926 4212 1021 4275 soleat,
1033 4214 1205 4286 presentiam
1220 4214 1263 4268 sui
1279 4214 1383 4268 exbibet
1397 4213 1506 4269 Manes.

466 4308 523 4365 Ista
537 4329 604 4366 vera
625 4318 669 4366 est
692 4307 776 4381 hujus
797 4308 854 4364 loci
875 4308 969 4370 lectio,
990 4328 1073 4381 quam
1097 4328 1148 4364 nos
1171 4309 1414 4375 subodornvimus,
1429 4320 1460 4365 ut
1479 4311 1506 4365 in

468 4407 570 4461 nostris
584 4405 620 4462 ad
634 4405 711 4460 hunc
724 4404 817 4460 locum
833 4402 907 4459 notis
922 4403 1010 4458 videri
1025 4412 1127 4476 potest.
