3900 5167
512 446 576 518 196
735 448 989 513 ARCHELAI
1022 448 1086 511 ΕΤ
1119 448 1339 512 MANETIS

509 619 587 709 ejus
614 620 903 699 transmittentes,
930 628 1182 688 consonantem
1209 618 1352 709 reliquis
1378 619 1461 688 vitae
1487 619 1561 709 ejus

510 736 672 827 negotiis.
724 732 870 803 Additit
893 736 1001 804 etiam
1026 733 1094 805 hoc
1112 732 1309 804 Archelaus
1331 735 1463 815 dicens,
1484 733 1562 805 Viri

509 848 645 931 fratres,
662 872 707 919 ne
725 851 803 941 qais
823 858 980 919 vestrum
999 848 1202 918 incredulus
1223 850 1269 918 sit
1287 848 1351 929 his,
1370 872 1449 940 quae
1465 872 1489 918 a
1505 871 1562 918 me

511 964 606 1036 dicta
623 975 720 1048 sant,
736 966 771 1035 id
791 976 855 1047 est,
870 965 964 1055 quod
979 988 1049 1034 non
1067 965 1142 1055 ipse
1158 965 1292 1056 primus
1309 974 1436 1034 auctor
1452 963 1561 1034 scele-

510 1082 578 1153 rati
610 1081 715 1172 hujus
746 1081 921 1173 dogmatis
951 1081 1113 1150 extiterit
1143 1081 1290 1165 Manes;
1316 1081 1378 1151 sed
1410 1089 1560 1161 tantum,

509 1196 604 1288 quod
622 1219 685 1288 per
709 1197 824 1287 ipsum
849 1196 1025 1287 aliquibus
1050 1206 1152 1267 terrae
1177 1198 1334 1288 partibus
1359 1198 1562 1267 manifesta-

509 1322 588 1382 tum
613 1314 669 1382 sit.
722 1311 794 1382 Sed
822 1336 892 1382 non
918 1313 1038 1382 statim
1066 1313 1104 1393 is,
1122 1312 1182 1402 qui
1199 1312 1330 1402 aliquid
1349 1334 1561 1403 quocunque

509 1428 712 1518 portaverit,
739 1436 862 1498 auctor
889 1429 965 1519 ejus
994 1428 1172 1519 putandus
1198 1437 1263 1509 est,
1289 1428 1350 1497 sed
1377 1429 1439 1518 qui
1465 1428 1561 1497 inve·

509 1542 612 1611 uerit.
640 1541 742 1611 Sicut
759 1543 854 1612 enim
871 1542 1087 1635 guberuator
1104 1553 1286 1634 acceptam
1304 1565 1441 1624 navem,
1453 1566 1559 1635 quarn

508 1655 599 1726 alius
629 1657 724 1739 iecit,
751 1659 795 1727 ad
825 1680 1044 1749 quaecunque
1075 1658 1151 1728 loca
1177 1657 1327 1728 voluerit
1356 1660 1559 1749 perducere,

393 1774 396 1778 ’
508 1769 644 1841 alienus
662 1783 717 1842 est
735 1784 854 1843 tamen
872 1774 969 1843 omui
991 1797 1122 1866 genere
1147 1797 1169 1843 a
1193 1774 1456 1843 constructione
1474 1775 1558 1865 ejus,

507 1888 558 1957 ita
575 1887 826 1981 intelligendus
843 1898 899 1958 est
917 1900 954 1959 et
972 1889 1061 1971 iste;
1088 1912 1159 1959 non
1177 1890 1273 1958 enim
1290 1912 1337 1958 ex
1355 1889 1459 1958 initio
1477 1888 1558 1959 huic

509 2003 560 2072 rei
577 2003 651 2094 ipse
670 2004 842 2097 originem
859 2004 979 2087 dedit;
1006 2000 1090 2075 hsed
1108 2029 1151 2075 ea
1169 2013 1319 2086 tantum,
1331 2027 1409 2095 quae
1426 2004 1472 2073 ab
1490 2004 1557 2074 alio

508 2116 649 2188 fuerant
666 2119 822 2204 inventa,
837 2143 901 2211 per
917 2143 956 2190 se
973 2120 1103 2191 detulit
1121 2119 1331 2201 hominibus,
1343 2121 1436 2189 sicut
1452 2119 1557 2188 certis

411 2257 414 2262 ·
508 2233 721 2303 testimoniis
746 2243 871 2304 notum
897 2244 962 2317 est,
984 2235 1112 2326 quibus
1136 2234 1354 2327 propositum
1382 2244 1437 2305 est
1460 2235 1557 2304 vobis

508 2348 705 2430 ostendere,
728 2344 813 2418 iuon
838 2372 884 2419 ex
911 2349 1024 2420 Mane
1049 2350 1219 2443 originem
1245 2348 1329 2419 mali
1355 2348 1460 2440 hujus
1485 2371 1557 2419 ma·

508 2484 630 2545 nasse;
655 2464 716 2532 sed
734 2464 779 2533 ab
797 2463 878 2546 alio,
895 2473 933 2534 et
956 2474 1041 2535 anto
1064 2464 1217 2534 multum
1243 2464 1412 2555 temporis
1433 2487 1455 2533 a
1480 2463 1556 2534 bar·

507 2576 592 2647 haro
617 2581 770 2671 quodam
796 2589 932 2661 exorta,
950 2583 987 2650 in
1013 2581 1154 2651 silentio
1176 2580 1307 2659 habita,
1324 2580 1370 2649 ab
1386 2580 1456 2649 isto
1474 2603 1555 2650 vero

506 2694 628 2786 ignote
652 2694 808 2777 latentia,
827 2695 938 2767 veluti
965 2698 1105 2789 propria
1129 2697 1205 2787 ejus
1231 2719 1306 2766 esse
1331 2694 1479 2787 prolata,
1497 2694 1555 2763 de-

506 2808 581 2880 leto
598 2813 845 2903 conscriptoris
860 2812 975 2894 titulo,
990 2814 1081 2882 sicut
1098 2813 1256 2903 superius
1274 2812 1434 2904 exposui.
1474 2811 1556 2879 Fuit

506 2932 716 3022 praedicator
733 2933 825 3022 apud
845 2932 969 3001 Persas
988 2933 1096 3000 etiam
1115 2927 1310 3000 kBasilides
1333 2930 1477 3021 quidam
1496 2952 1555 2998 au-

504 3129 532 3182 p.
546 3128 593 3183 33.
637 3111 695 3167 Sed
715 3113 744 3167 in
759 3113 852 3168 verbis
874 3114 1049 3169 soloecismus
1071 3123 1123 3169 est.
1166 3114 1213 3168 An
1227 3112 1474 3168 transmittentibus
1489 3112 1551 3167 sub-

508 3206 681 3263 stituendum
697 3218 740 3264 est
752 3209 775 3278 i)

547 3300 563 3345 h
577 3304 655 3360 Male
670 3306 760 3362 codex
776 3307 948 3370 Cannensis,
963 3306 1114 3363 sedetiam.

547 3398 627 3457 iAut
642 3404 711 3458 nihil
726 3405 817 3467 video,
833 3405 935 3461 autito
950 3404 1118 3479 corrigenda
1137 3413 1181 3460 est
1200 3403 1305 3458 codicis
1320 3404 1485 3460 Casiuensis
1499 3405 1552 3460 lec-

504 3498 554 3563 tio,
570 3518 631 3572 quae
653 3502 692 3555 sic
714 3520 744 3557 se
766 3502 861 3567 hahet,
877 3522 927 3558 noa
949 3523 982 3558 er
1001 3502 1103 3558 Manen
1124 3502 1253 3575 originem
1275 3501 1342 3556 moli
1362 3501 1443 3573 bajas
1457 3502 1555 3558 Manes

504 3614 571 3651 csse.

546 3690 563 3733 ¹¹
578 3693 639 3749 Etsi
655 3695 817 3759 Basilidcm‚
830 3697 876 3771 qui
892 3696 975 3770 paulo
991 3706 1055 3770 post
1066 3695 1268 3769 Apostolorum
1281 3703 1410 3767 tempora
1425 3695 1554 3752 haeresim

505 3790 610 3855 docuit,
626 3793 846 3849 Alexandrinum
862 3794 957 3858 fuisse,
973 3803 1002 3850 et
1017 3794 1046 3850 in
1061 3795 1190 3868 AEgypto
1209 3791 1321 3847 scholas
1335 3792 1440 3847 erroris
1454 3811 1552 3866 aperu-

504 3889 559 3944 isse
574 3897 695 3945 testetur
710 3891 852 3947 Eusebius
867 3891 916 3948 lih.
928 3910 956 3962 4.
975 3892 1051 3948 Hist.
1065 3891 1227 3948 Ecclesiast.
1243 3909 1303 3963 cap.
1318 3902 1344 3963 7.
1360 3888 1552 3954 nihilominus,

505 3985 552 4057 qui
566 3985 602 4040 ab
616 3986 757 4043 Archelao
776 3998 959 4056 memoratur,
975 3989 1050 4044 idem
1066 4007 1099 4044 ac
1114 3986 1251 4043 Basilides
1266 3985 1478 4041 Alexandrinus
1492 4004 1553 4042 esse

503 4080 624 4145 videtur,
640 4083 706 4139 licet
720 4085 794 4157 apud
810 4085 908 4141 Persas
929 4086 1059 4142 haeresim
1080 4085 1247 4159 praedicasse
1262 4084 1345 4139 dicat
1389 4083 1464 4139 Fieri
1478 4086 1551 4140 eninr

503 4184 608 4250 potest,
621 4186 652 4233 ut
668 4179 805 4236 Basilides
818 4182 991 4239 Alexandria
1005 4183 1159 4256 digressus,
1173 4183 1271 4237 Persas
1286 4199 1398 4254 quoque
1413 4180 1552 4237 haereticis

504 4273 685 4346 dogmatibus
707 4277 819 4334 inficere
841 4289 988 4335 tentasset.
1032 4280 1107 4335 Sane
1122 4279 1253 4335 Basilidis
1269 4279 1360 4334 Persae
1376 4278 1462 4341 nulla,
1478 4276 1551 4350 quod

504 4369 600 4433 sciam,
622 4373 696 4445 apud
718 4385 828 4431 veteres
850 4378 966 4433 mentio.
1011 4377 1131 4451 Scripsit
1154 4388 1247 4435 autem
1270 4375 1408 4432 Basilides
1427 4376 1549 4431 Alexan·
