3900 5167
452 449 495 517 92
680 446 933 510 ARCHELAI
958 444 1023 509 ET
1048 446 1269 511 MANETIS

453 631 570 692 rentes
587 622 752 712 quonism
772 620 831 712 qui
850 643 976 713 eorpus
1002 621 1145 703 iecerat,
1164 621 1240 714 ipse
1266 620 1353 692 feeit
1372 630 1410 692 et
1424 621 1492 691 nui·

452 760 558 809 mam.
611 735 660 807 Et
680 738 758 830 quis
784 739 835 807 itu
856 736 1017 828 lapideus
1040 746 1107 820 est,
1125 747 1164 808 et
1185 736 1350 822 stolidus,
1367 745 1407 807 ut
1429 759 1493 807 uon

452 855 634 925 adomnia
655 855 689 924 ei
713 855 781 924 iste
806 876 921 923 sermo
945 852 1120 924 sufficiat?
1147 853 1215 924 Cui
1240 855 1396 924 sermoni
1418 876 1494 923 oon·

452 993 578 1042 sonans
613 969 745 1041 Paulus
782 972 843 1050 eit,
878 970 1114 1062 interpretans
1146 993 1199 1052 eo,
1233 992 1316 1062 quae
1350 972 1389 1040 in
1420 969 1495 1064 lege

452 1087 582 1179 scripte
599 1096 690 1171 sunt,
709 1086 777 1158 hoo
791 1087 919 1156 modo:
946 1081 1045 1157 1Νοη
1067 1083 1274 1182 infrendite
1290 1109 1328 1158 os
1345 1084 1422 1158 doni
1437 1085 1496 1157 tri-

452 1200 595 1272 taranti.
630 1198 802 1295 Nunquid
816 1199 859 1272 de
874 1197 1074 1271 hebescere
1090 1210 1140 1272 est
1151 1199 1256 1273 Dee?
1279 1196 1383 1273 bAut
1393 1223 1497 1295 prop·

452 1325 504 1387 ter
521 1340 583 1388 nos
601 1318 717 1412 utique
733 1316 852 1389 dicit?
878 1316 950 1387 Sed
967 1317 1053 1408 quid
1079 1318 1309 1388 immoramur
1328 1313 1495 1387 ulterius?

451 1433 612 1525 adjiciam
631 1444 751 1506 temen
776 1456 888 1527 puuoe
905 1434 950 1503 de
974 1432 1144 1526 pluribus.
1196 1433 1235 1506 Si
1253 1434 1325 1505 duo
1341 1444 1427 1505 sunt
1447 1433 1498 1502 iu·

450 1552 582 1643 genito,
601 1561 638 1620 et
660 1550 716 1621 bis
741 1550 819 1620 loca
837 1559 935 1619 uerte
951 1549 1184 1631 deoernimus,
1202 1548 1374 1619 dividitur
1390 1545 1496 1630 Deus,

451 1666 480 1735 si
498 1666 591 1736 intra
603 1675 741 1736 eertum
760 1664 876 1735 locum
896 1675 960 1746 est,
979 1674 1017 1735 et
1033 1687 1105 1736 uon
1130 1664 1262 1756 ubique
1278 1662 1497 1743 diffunditur,

452 1792 489 1852 et
506 1783 575 1852 erit
591 1781 707 1852 multo
724 1781 869 1851 inferior
891 1779 981 1863 loeo,
997 1781 1034 1851 in
1053 1804 1124 1872 quo
1141 1789 1206 1860 est,
1224 1778 1378 1872 (emejus
1403 1781 1495 1852 euim

452 1898 546 1990 quod
564 1898 723 1968 eontinet
747 1919 886 1989 semper
902 1920 957 1979 eo,
975 1920 1083 1989 quem
1100 1898 1274 1989 continet)
1293 1906 1332 1967 et
1348 1896 1498 1967 efficitur

453 2011 552 2083 Deus
577 2015 653 2105 ejus
678 2014 941 2108 magnitudinis
959 2014 1059 2105 eujus
1075 2022 1132 2085 est
1152 2013 1261 2096 loeus,
1277 2014 1314 2083 iu
1332 2036 1405 2105 quo
1416 2035 1497 2084 oon·

452 2131 596 2210 tinetur‚
614 2131 706 2200 siout
730 2131 847 2212 homo,
864 2126 916 2199 ²si
943 2131 989 2200 sit
1014 2130 1048 2199 in
1074 2130 1190 2201 domo.
1242 2128 1384 2200 Deinde
1408 2128 1496 2199 ratio

451 2244 608 2332 requirit,
625 2243 704 2333 quis
721 2254 785 2324 est,
803 2244 865 2334 qui
890 2244 985 2313 iuter
1008 2265 1068 2313 eos
1086 2242 1253 2322 diviserit,
1271 2255 1335 2312 sut
1351 2244 1431 2335 quis
1446 2243 1497 2313 eis

451 2368 565 2428 certos
588 2361 756 2429 terminos
781 2359 958 2441 statuerit,
981 2367 1020 2429 et
1046 2359 1225 2429 invenitur
1242 2359 1320 2450 jam
1347 2368 1496 2451 uterque

450 2476 565 2546 multo
582 2478 725 2546 inferior
745 2475 905 2546 ³virtutis
928 2476 1101 2546 humanu.
1154 2474 1385 2568 Lysimachus
1401 2477 1495 2548 enim

451 2600 489 2661 et
505 2588 709 2662 Alexander
727 2593 837 2662 totius
853 2591 977 2660 mundi
995 2591 1183 2684 imperium
1202 2601 1406 2673 tenuerunt,
1422 2614 1496 2662 om·

451 2726 583 2798 nesque
607 2709 766 2778 nationes
793 2708 965 2789 burburus,
984 2717 1091 2799 atque
1115 2730 1220 2777 omne
1244 2729 1359 2801 genus
1384 2706 1496 2777 bomi-

451 2846 536 2893 num
562 2824 733 2914 subjicere
759 2825 1032 2914 potueruntne
1049 2833 1090 2893 ut
1112 2846 1184 2893 non
1202 2832 1295 2894 esset
1318 2823 1409 2894 alius
1432 2826 1496 2894 im·

450 2951 591 3033 perator
607 2963 670 3033 per
687 2939 771 3009 illud
792 2947 934 3031 tempus
951 2951 1078 3030 praeter
1099 2940 1191 3031 ipsos
1215 2940 1280 3009 sub
1297 2938 1395 3009 oaelo.
1447 2937 1495 3009 Et

450 3057 626 3147 quomodo
645 3057 790 3126 audebit
807 3057 993 3146 quisquam
1019 3056 1147 3137 dicere,
1164 3077 1235 3126 non
1261 3056 1395 3147 ubique
1420 3079 1495 3126 esse

451 3170 578 3255 Deum,
603 3175 664 3265 qui
695 3182 749 3243 est
775 3172 895 3241 iumen
923 3194 1048 3242 verum
1077 3173 1292 3253 indeficiens,
1313 3173 1416 3264 cujus
1441 3180 1494 3242 est

449 3312 597 3383 regnum
623 3299 794 3370 sanctum,
821 3298 858 3358 et
885 3289 1152 3380 sempiternum,
1178 3286 1266 3359 deeu
1291 3290 1493 3381 nequissimi

448 3407 549 3477 istius
575 3405 746 3497 impietas,
765 3406 825 3495 qui
852 3428 917 3475 nee
944 3404 1139 3495 eaequalem
1157 3405 1300 3495 quidem
1326 3428 1409 3474 oum
1434 3404 1494 3473 bo·

449 3522 603 3591 minibus
619 3530 833 3614 potestatem
851 3522 1088 3613 omnipotenti
1108 3519 1187 3590 Deo
1204 3522 1339 3591 tribuit.

490 3700 505 3744 ¹¹
520 3703 625 3760 Melius
639 3701 763 3778 vulgato,
777 3704 819 3759 An
828 3712 944 3778 propter
958 3722 1015 3759 nos.

491 3815 504 3845 c
520 3801 554 3857 In
569 3802 725 3867 Cnsinensi,
740 3801 837 3864 molus,
851 3800 929 3857 nullo
944 3819 1039 3856 sensu.

491 3896 506 3940 (Ι
522 3900 554 3955 ln
568 3900 665 3956 codice
679 3898 827 3955 Cusinensi
841 3907 893 3965 est,
908 3918 949 3961 eu,
964 3898 1039 3971 quod
1053 3897 1205 3971 legendum
1220 3897 1390 3971 putavimus,
1406 3916 1460 3955 ceu.

489 4008 501 4038 ⁸
518 3998 561 4053 lta
575 3998 758 4074 deprevatum
769 3996 862 4052 locum
880 4015 916 4052 ex
930 3996 1046 4069 ingenio
1061 3994 1252 4059 restituimus;
1274 4012 1340 4051 num
1356 3994 1386 4051 in
1398 3996 1490 4053 codice

451 4095 597 4151 Cusinensi
613 4094 752 4151 scribitur.
788 4094 850 4151 Nec
862 4112 921 4169 quoe
935 4093 1028 4149 vellen
1039 4093 1152 4167 quidem.

492 4234 498 4255 ¹
533 4246 541 4282 r
561 4226 629 4282 Cor.
645 4226 682 4281 ix.
697 4245 726 4301 9.
818 4232 826 4253 ²
852 4223 972 4297 [Extant
988 4223 1102 4298 gemino
1116 4222 1233 4278 istorum
1248 4222 1323 4295 opud
1335 4221 1488 4278 Maximum

454 4323 495 4378 De
509 4325 619 4380 Natura
634 4328 647 4393 ξ
665 4342 691 4378 2.
728 4321 756 4378 V
760 4323 797 4379 id.
814 4339 898 4396 supro
912 4320 967 4376 voi.
983 4320 1010 4376 ii.
1027 4320 1126 4375 hurum
1141 4318 1231 4393 Reliq.
1245 4338 1273 4392 p.
1287 4318 1433 4393 89-91.]

491 4431 500 4460 ³
518 4423 595 4496 [For.
612 4422 782 4478 Grecismus
797 4430 848 4477 est.
871 4419 976 4476 Confer
991 4439 1017 4494 p.
1030 4418 1077 4492 96.
1090 4418 1109 4475 1.
1123 4430 1149 4491 7.
1164 4425 1193 4474 et
1206 4434 1268 4490 cup.
1284 4418 1345 4491 29.]
