3900 5167
459 449 525 511 210
825 449 856 510 S.
874 447 1145 512 AUGUSTINI

461 617 626 713 baptismo
642 617 815 712 baptizari
831 628 862 688 et
877 618 1088 712 sarrctisioari
1104 626 1269 711 oportere.
1308 615 1401 689 Item
1419 616 1517 688 lecta

461 744 541 804 sunt
566 733 657 806 nobis
687 744 718 805 et
747 734 828 805 otia
848 733 1022 805 anaiani
1046 732 1178 816 littera,
1205 732 1328 826 quibus
1347 756 1423 826 pro
1448 756 1515 803 saa

400 860 402 864 ’
461 849 595 918 sincera
620 858 652 919 ct
680 848 842 946 relipiosa
871 849 1044 920 devotione
1073 848 1120 918 ad
1147 846 1324 942 epistelam
1354 857 1513 917 nostram

462 962 660 1046 rescribens,
677 988 745 1034 ison
769 974 900 1034 turnum
925 965 1103 1049 consensit,
1120 962 1226 1033 sedet
1247 965 1455 1034 instructum
1476 986 1515 1032 sc

462 1101 531 1147 esse
543 1080 677 1173 pretias
695 1081 771 1175 epit.
821 1079 985 1172 Superest
1010 1087 1047 1148 ut
1072 1078 1113 1148 de
1138 1077 1202 1149 trac
1227 1079 1303 1171 ipsa
1319 1102 1359 1148 re
1378 1076 1513 1174 sinpuii

463 1191 549 1284 quid
563 1194 748 1262 sentiamus
764 1192 1009 1287 proferamus:
1037 1193 1203 1262 neminem
1216 1191 1431 1282 judicantes,
1449 1200 1512 1262 ont

462 1307 575 1397 ajure
591 1308 839 1377 communionis
853 1307 999 1399 aliquem
1016 1309 1049 1376 si
1066 1307 1236 1377 diuersum
1253 1307 1399 1376 senserit
1416 1328 1511 1375 anre

461 1432 581 1492 ventes.
633 1420 751 1516 Neque
776 1424 866 1492 enirn
893 1424 1072 1515 quisquam
1090 1431 1243 1492 nostrum
1261 1422 1455 1515 episcopum
1474 1445 1510 1491 se

462 1538 694 1630 episcoporum
712 1539 899 1622 constituit,
917 1548 977 1607 ant
994 1539 1175 1632 tprannico
1195 1547 1326 1607 terrare
1348 1536 1397 1606 ad
1418 1536 1511 1607 obse·

462 1651 589 1746 quendi
605 1654 833 1723 nescessitatum
847 1651 989 1749 collepos
1006 1677 1085 1723 suos
1102 1653 1221 1750 adipit,
1236 1652 1372 1746 quondo
1390 1651 1510 1722 habeat

462 1769 573 1838 omnis
590 1766 764 1862 episcopus
775 1792 845 1862 pro
862 1768 1001 1840 licentio
1015 1767 1181 1838 libertatis
1197 1776 1229 1837 et
1238 1768 1420 1861 potestatis
1436 1792 1510 1837 sua

462 1881 644 1952 arbitrium
658 1884 852 1976 preprium,
871 1892 1005 1975 tamque
1010 1881 1171 1974 judicari
1190 1880 1231 1951 ab
1250 1880 1321 1951 atio
1341 1905 1411 1951 uon
1427 1905 1511 1974 pos-

461 1998 518 2079 sit,
532 2020 632 2090 qnam
652 2021 712 2067 nec
725 1998 798 2091 ipse
808 2007 920 2090 potest
935 1996 1079 2067 atterum
1087 1996 1271 2088 judicare:
1297 1995 1358 2065 sed
1373 2020 1510 2090 enspeo·

461 2120 569 2180 temus
594 2112 747 2182 universi
761 2110 936 2202 judicium
954 2110 1103 2181 Domini
1127 2112 1239 2181 nostri
1254 2108 1343 2181 Jesu
1362 2109 1508 2192 Christi,

462 2226 524 2318 qui
540 2249 629 2294 unus
645 2234 677 2295 et
697 2224 789 2296 sotus
810 2224 907 2296 habet
927 2234 1123 2319 potestatem
1146 2234 1177 2295 et
1195 2224 1427 2318 proponendi
1447 2247 1509 2294 nos

463 2337 501 2405 in
518 2335 666 2407 ecciesiae
689 2361 761 2407 sua
782 2335 1085 2433 paternationum
1110 2337 1151 2407 de
1176 2346 1254 2407 actu
1277 2347 1395 2409 nostro
1407 2338 1509 2432 jndi-

463 2450 575 2521 condi.

512 2566 594 2635 Jam
613 2568 706 2647 satis,
725 2576 896 2659 quantum
914 2569 1072 2649 arbitror,
1091 2591 1162 2637 non
1185 2568 1299 2638 solum
1317 2569 1362 2638 ad
1380 2570 1509 2659 epista-

463 2681 544 2762 lam,
573 2705 678 2772 quam
705 2680 881 2751 Jubaiano
912 2684 1070 2773 scripsit3
1098 2684 1157 2752 sed
1190 2685 1296 2752 etiam
1325 2683 1369 2752 ad
1400 2683 1508 2764 illam,

462 2816 568 2884 quam
597 2793 641 2861 ad
664 2792 839 2874 Quintum
866 2794 984 2876 dedit3
1011 2803 1049 2862 et
1076 2797 1121 2864 ad
1145 2795 1268 2878 'illam,
1293 2820 1400 2887 quam
1428 2820 1508 2866 cum

463 2907 671 2997 quibusdam
706 2906 850 2997 collegis
889 2909 931 2976 ad
967 2911 1136 2998 quosdam
1171 2910 1350 3003 collegas3
1394 2922 1432 2981 et
1465 2913 1507 2980 ad

463 3021 572 3102 illam,
590 3043 694 3110 quam
722 3021 765 3088 ud
791 3020 1013 3112 Pompeium,
1038 3033 1208 3113 quantum
1234 3026 1424 3115 potuimus,
1446 3048 1508 3116 pro

462 3138 691 3205 universitate
718 3135 899 3203 catholicin
930 3138 1166 3206 consensionis
1195 3147 1303 3228 atque
1331 3137 1507 3220 'Consilii

462 3253 499 3319 in
526 3253 626 3341 cujus
643 3251 792 3325 unitate
820 3251 878 3318 isti
906 3258 1086 3340 tamquam
1114 3252 1171 3341 pia
1196 3252 1356 3321 membra
1372 3276 1509 3323 manse-

463 3373 555 3444 runt,
583 3364 678 3432 libris
701 3363 937 3453 superioribus
968 3363 1232 3454 disputavimus.
1285 3365 1509 3457 Quapropter

457 3479 532 3568 jam
557 3489 793 3569 opportunum
812 3477 959 3554 videtur,
984 3478 1067 3566 quid
1091 3480 1198 3546 etiam
1222 3479 1330 3547 ceteri
1355 3479 1508 3571 singilla-

462 3595 527 3661 tim
554 3593 755 3660 censuerint
781 3590 1000 3659 considerare
1026 3614 1068 3659 ea
1093 3590 1265 3673 libertate,
1284 3616 1391 3683 quam
1410 3595 1507 3663 nobis

463 3706 571 3773 etiam
597 3706 671 3794 ipse
697 3726 766 3770 non
793 3702 985 3793 abrogavit,
1005 3702 1135 3785 dicens,
1152 3701 1331 3772 Neminem
1345 3704 1508 3794 judican-

465 3828 523 3902 tes,
540 3827 600 3888 ant
617 3841 638 3885 a
647 3817 731 3907 jare
748 3816 997 3885 communionis
1015 3815 1161 3908 aliquem
1186 3819 1219 3885 si
1243 3817 1415 3887 diuersam
1437 3842 1507 3887 sen·

505 4051 512 4073 ¹
539 4044 628 4116 [Sive
658 4043 893 4116 Carthaginiense
921 4043 1078 4099 Concilium
1108 4046 1159 4099 snb
1189 4044 1331 4119 Cypriane
1360 4046 1504 4113 Quintum,

463 4141 538 4215 apud
551 4140 701 4213 Reliquias,
717 4140 772 4194 vol.
784 4139 838 4194 111.
853 4161 882 4214 p.
900 4141 980 4212 108.]

503 4236 608 4308 ¹[For.
637 4236 786 4309 respicitur
809 4235 968 4290 Concilium
993 4237 1158 4293 Arelatense
1182 4238 1315 4310 primum,
1341 4258 1396 4311 qna
1420 4239 1454 4293 de
1477 4254 1503 4290 re

462 4351 549 4405 supra
562 4333 691 4388 consulas
706 4332 816 4388 Praefat.
832 4333 859 4387 in
876 4334 950 4389 idem
965 4333 1097 4389 volumen
1113 4334 1184 4405 111.]
