3900 5167
520 448 585 510 240
887 448 919 511 S.
936 447 1208 512 AUGUSTINI

571 620 675 691 Alius
694 622 794 691 Felix
819 622 864 690 ab
884 620 1022 691 Uthina
1038 620 1148 689 dixit:
1175 618 1319 689 Nemini
1344 617 1484 689 dudiom
1511 628 1564 700 est,

520 738 729 807 sanctissimi
753 735 1015 817 consacerdotes,
1033 757 1101 805 non
1119 731 1169 804 'in
1187 742 1319 804 tontum
1331 757 1435 828 posse
1450 733 1566 804 inmo·

521 875 602 920 nom
631 852 921 943 presumtioncm,
955 859 1118 944 qnantum
1153 846 1302 919 Domini
1335 850 1450 920 nostri
1481 847 1566 919 Jesn

525 964 659 1039 Ctnsn
684 966 905 1053 odorandum
923 976 954 1036 ct
975 963 1195 1036 oenmodilm
1222 966 1440 1058 majestatem.
1492 963 1567 1035 Me-

523 1106 632 1153 morcs
650 1106 729 1180 erpo
740 1082 902 1177 periodi,
920 1081 984 1153 loc
999 1105 1130 1176 quoqne
1151 1106 1220 1151 non
1244 1090 1376 1152 tuntum
1393 1080 1567 1152 odsmoorc

522 1197 687 1282 debemus,
706 1223 821 1269 rernm
839 1199 940 1270 etium
957 1196 999 1268 ob
1016 1196 1170 1268 omnibns
1190 1195 1286 1268 nobis
1303 1198 1518 1291 confinaore,
1534 1206 1568 1267 ut

523 1337 638 1384 omrres
662 1312 815 1385 heretici
841 1316 901 1408 qui
922 1314 969 1384 od
988 1315 1101 1383 sinum
1124 1313 1244 1382 matris
1261 1310 1429 1383 Ecclesioe
1453 1336 1568 1383 occur-

524 1439 606 1499 runt
632 1428 867 1523 baptizantem
902 1438 940 1499 nt
970 1452 1063 1498 mens
1093 1425 1264 1510 ltoeretico,
1295 1450 1373 1521 qno
1402 1427 1566 1499 diuturno

524 1543 597 1614 tube
612 1542 745 1638 polluto
768 1554 827 1628 est,
845 1544 1113 1637 sonctificotionc
1128 1542 1258 1613 loocmi
1274 1552 1429 1639 pnrpoto
1446 1545 1484 1613 in
1503 1567 1566 1613 me-

522 1658 591 1730 lius
606 1659 821 1755 reformetur.
1317 1681 1319 1685 ⁴

580 1777 750 1847 Fortassis
767 1779 834 1846 iste
851 1778 910 1867 qui
935 1777 969 1845 in
989 1778 1155 1847 diuturna
1172 1776 1255 1845 tabe
1272 1777 1457 1869 purganda
1474 1800 1567 1847 caus

524 1916 597 1964 sam
616 1895 742 1984 posuit,
761 1917 823 1961 eur
844 1893 1014 1961 deberent
1035 1892 1189 1962 haeretici
1212 1892 1392 1982 baptizari,
1411 1902 1567 1983 parceret

524 2010 574 2078 eis
605 2009 664 2100 qui
695 2010 731 2077 in
761 2009 914 2098 aliquam
944 2007 1102 2077 haeresim
1133 2009 1306 2075 irruentes
1336 2006 1468 2100 exiguo
1499 2005 1568 2076 illic

524 2133 684 2215 tempore
702 2125 861 2202 fuissent,
879 2134 916 2192 et
933 2126 1005 2192 cito
1023 2124 1168 2192 correcti
1187 2123 1231 2191 ad
1250 2120 1472 2191 Catholicam
1491 2120 1568 2190 inde

524 2242 742 2332 migrassent.
796 2239 935 2308 Deinde
955 2250 993 2309 et
1015 2240 1089 2329 ipse
1112 2260 1234 2330 parum
1253 2238 1416 2318 advertit,
1436 2237 1487 2306 ita
1504 2236 1567 2305 dici

524 2378 638 2447 posse,
656 2365 697 2424 ut
719 2356 828 2445 iniqui
851 2377 973 2425 omnes
1000 2356 1059 2445 qui
1086 2355 1130 2423 ad
1156 2352 1253 2422 illam
1280 2361 1417 2444 petram
1445 2354 1479 2420 in
1502 2374 1569 2443 qua

526 2471 685 2541 Ecclesia
703 2473 919 2563 significatur
935 2478 1131 2551 accurrunt,
1150 2470 1394 2560 baptizentur3
1414 2479 1455 2537 ut
1472 2490 1569 2537 mens

524 2588 643 2677 iniqua
657 2610 732 2677 quae
745 2598 847 2656 extra
865 2598 999 2678 petram
1019 2588 1054 2655 in
1072 2609 1178 2655 aretia
1189 2584 1383 2654 aedificabat
1396 2585 1569 2655 audiendo

524 2702 630 2770 verba
647 2702 776 2770 Christi
800 2713 837 2771 et
860 2726 928 2769 rron
953 2700 1126 2781 faciende,
1145 2700 1421 2769 sanctificatione
1445 2700 1568 2769 lavacri

524 2827 672 2907 purgata
697 2818 733 2884 in
760 2817 885 2885 melius
911 2818 1142 2885 reformetur:
1170 2826 1206 2883 ct
1231 2825 1352 2883 tamen
1377 2838 1449 2883 non
1473 2816 1524 2894 fit
1542 2816 1567 2883 si

518 2932 593 3021 jam
622 2933 788 3022 baptizati
817 2944 908 3010 sunt,
934 2933 1041 3000 etiam
1072 2932 1100 2998 si
1132 2930 1325 3020 probentur
1351 2927 1440 2998 tales
1467 2929 1569 2997 fuisse

525 3069 604 3114 curn
631 3048 912 3136 baptizarentur3
939 3048 973 3114 id
999 3059 1061 3127 est,
1081 3055 1121 3114 ut
1144 3043 1274 3114 saeculo
1298 3045 1413 3112 verbis
1440 3055 1477 3113 et
1503 3068 1569 3113 non

525 3162 626 3229 factis
644 3164 897 3230 renuntiarent.

575 3276 727 3357 Quietus
745 3301 765 3345 a
784 3278 926 3346 Buruch
951 3278 1062 3346 dixit:
1092 3276 1161 3364 Qui
1172 3275 1248 3367 fide
1265 3277 1420 3355 oiriurns,
1439 3273 1570 3367 obsequi

524 3389 578 3459 lcis
597 3417 673 3485 qum
688 3394 897 3463 instruendis
911 3393 1006 3463 nobis
1020 3403 1097 3461 onte
1110 3391 1281 3485 prmdicto
1298 3401 1387 3472 sunt,
1402 3389 1552 3460 mcredid
1567 3443 1569 3447 -

526 3505 754 3577 obsecratione
772 3507 934 3578 deierans.
988 3508 1078 3577 Nom
1103 3509 1267 3601 scriptum
1292 3517 1341 3577 est
1363 3507 1460 3600 opnd
1475 3505 1570 3579 Solo

526 3645 665 3703 monem,
687 3623 756 3711 Qui
779 3623 973 3718 baptizatur
991 3649 1012 3693 o
1031 3634 1172 3705 mortuo,
1192 3622 1300 3716 ”qnid
1321 3622 1461 3715 proficit
1483 3621 1571 3691 loro·

566 3799 636 3856 ¹Er.
661 3814 688 3858 et
710 3805 817 3877 aliquot
833 3804 920 3859 MSS.
936 3824 987 3858 non
1010 3812 1111 3859 tontum
1128 3823 1218 3877 posse.
1258 3802 1319 3872 (Sic
1341 3802 1418 3875 prior
1441 3822 1529 3863 meus,
1545 3813 1570 3857 et

526 3898 660 3972 Cypriani
677 3900 783 3955 Fellina
798 3902 883 3956 editio
899 3911 963 3956 ante
980 3902 1184 3969 Baluzianam.)

566 4006 589 4035 ¹¹¹
605 3997 825 4053 Cambronensis
851 3999 940 4055 codex
966 4008 994 4054 et
1018 3999 1151 4074 Cypriani
1177 3999 1272 4054 editio.
1288 3998 1364 4053 sedni
1385 4042 1390 4052 .
1430 3998 1569 4070 (Positum

525 4104 568 4148 est
583 4094 690 4148 credulo
706 4095 734 4149 in
751 4094 857 4149 Baluzii
873 4096 1020 4161 editione.)

566 4201 581 4229 ¹¹
596 4193 660 4245 Ain.
677 4192 723 4245 Er.
739 4201 767 4247 et
790 4194 876 4266 Cypr.
900 4193 1017 4256 addunt,
1040 4202 1065 4246 et
1086 4194 1182 4247 iterum
1206 4193 1292 4265 torpit
1315 4201 1469 4247 mortumn:
1493 4192 1570 4253 male,

525 4286 579 4341 hoc
594 4288 668 4342 enim
689 4289 784 4344 addito
805 4289 883 4344 loeus
904 4289 940 4343 ad
961 4308 1022 4343 rem
1043 4289 1111 4343 nihil
1126 4289 1201 4344 iacit.
1245 4289 1322 4359 (Hoc
1338 4289 1570 4349 additamentum,

526 4392 601 4438 recte
623 4385 757 4439 omissum
781 4405 796 4438 a
822 4385 938 4440 Baluzio
960 4386 1033 4458 apud
1060 4386 1242 4458 Cyprianunr.
1268 4405 1324 4439 non
1347 4396 1508 4459 agnoscunt
1530 4384 1571 4439 vel

527 4482 659 4553 Cypriani
675 4483 717 4536 vel
734 4483 885 4553 Augustini
901 4501 988 4554 penes
1003 4501 1047 4537 rne
1063 4480 1191 4554 MSSti.)
