3900 5167
820 462 1130 526 DISPUTATIO.
1454 458 1493 520 81
1598 491 1602 498 «

451 630 767 703 Inconvertibilem
788 612 889 701 enim
901 653 979 702 esse
995 631 1175 703 affirmasti
1194 639 1379 720 utramque
1398 637 1500 698 natu-

449 768 541 827 ram,
559 755 730 839 quantum
752 747 797 817 ad
823 748 998 817 contraria
1014 755 1203 839 mspectat3
1231 741 1499 815 convertibilem

451 885 550 945 vero,
568 872 740 954 qnantum
762 862 807 932 ad
833 863 982 954 propria.
1035 862 1113 956 Ego
1131 884 1213 931 vero
1231 861 1321 942 dico,
1339 860 1423 951 quia
1439 859 1500 951 qui

450 977 490 1045 in
521 975 668 1068 propriis
698 977 856 1058 vertitur,
883 998 953 1047 non
989 978 1132 1046 excedit
1162 999 1183 1046 a
1213 998 1260 1057 se,
1290 976 1352 1045 scd
1383 973 1499 1043 estin

450 1092 599 1174 eisdem,
615 1092 744 1184 quibus
769 1114 908 1184 semper
933 1102 989 1162 est
1013 1089 1313 1172 inconvertibilis;
1338 1089 1398 1181 qui
1416 1109 1500 1157 vero

450 1209 579 1299 recipit
600 1206 946 1289 convertibilitatem,
967 1206 1025 1277 hic
1052 1217 1154 1277 extra
1178 1207 1317 1300 propria
1342 1204 1499 1282 effectus,

449 1323 597 1393 devenit
613 1323 650 1392 in
667 1322 792 1393 aliena.

502 1416 616 1508 xvlf
638 1435 795 1509 Juurcss
830 1458 1033 1519 mxssuuu,
1068 1437 1353 1509 Convertibilitas
1387 1434 1498 1516 illum,

449 1554 511 1624 cui
541 1555 681 1637 accidit,
707 1555 873 1625 transfert
898 1557 935 1625 in
961 1554 1091 1638 alium;
1117 1564 1158 1625 ut
1184 1556 1212 1625 si
1243 1555 1408 1636 dicamus,
1434 1550 1499 1622 Ju-

450 1669 561 1751 daeus,
591 1670 620 1739 si
650 1667 737 1739 velit
766 1669 841 1740 fieri
871 1668 1102 1754 Christianus,
1128 1678 1191 1740 aut
1218 1670 1247 1739 si
1278 1669 1499 1740 Christianus

449 1784 540 1855 velit
559 1806 636 1855 esse
653 1784 816 1869 Gentilis,
843 1785 921 1857 haec
946 1787 1079 1879 species
1104 1794 1159 1856 est
1180 1785 1497 1867 convertibilitatis,

448 1909 490 1969 et
506 1921 621 1970 causa
674 1898 805 1992 Neque
827 1902 960 1971 verosi
984 1899 1148 1983 Gentilis,
1165 1923 1247 1971 cum
1273 1902 1310 1970 in
1336 1899 1499 1970 omnibus

449 2016 602 2109 propriis
619 2016 690 2087 suis
707 2026 859 2099 maneat,
873 2041 915 2088 ac
928 2013 1010 2087 Diis
1026 2020 1098 2088 suis
1117 2016 1248 2087 hostias
1260 2014 1394 2096 offerat,
1408 2021 1500 2084 tem·

452 2130 592 2225 plisque
609 2155 655 2202 ex
677 2154 776 2202 more
793 2133 977 2213 deserviat,
995 2134 1108 2204 donee
1133 2139 1331 2225 perseverat
1358 2132 1394 2200 in
1420 2151 1499 2221 pro-

450 2248 544 2339 priis,
559 2270 601 2318 ac
618 2248 766 2339 proficit,
784 2248 957 2340 numquid
974 2249 1045 2319 dici
1062 2256 1269 2342 potestesse
1286 2245 1497 2317 conversus?

452 2361 550 2446 Quid
585 2363 695 2457 igitur
728 2363 838 2436 dicis?
876 2364 1052 2456 recipiunt
1085 2362 1419 2434 convertibilitatem
1452 2382 1498 2430 an

452 2475 550 2547 noni
577 2476 626 2546 Et
650 2477 862 2549 immorante
886 2477 1010 2560 Mane,
1028 2479 1256 2550 Autumnus
1275 2498 1346 2559 am,
1365 2476 1403 2545 Si
1421 2478 1497 2567 qui·

450 2593 534 2664 dem
553 2592 824 2664 ¹¹convertibiles
845 2616 921 2665 esse
944 2595 1032 2665 dicit
1057 2602 1224 2685 utrasque
1242 2593 1496 2683 naturaequid

448 2719 515 2791 est,
533 2710 628 2802 quod
644 2710 824 2802 impediat,
842 2712 959 2781 utine
977 2734 1088 2781 unum
1106 2722 1215 2803 atque
1230 2711 1325 2780 idem
1344 2731 1403 2780 eas
1420 2731 1497 2779 esse

449 2823 659 2919 opinemuri
685 2823 725 2896 Si
751 2825 846 2895 enim
870 2825 1156 2896 inconvertibiles
1173 2834 1268 2906 sunt,
1284 2847 1355 2894 non
1379 2833 1434 2895 est
1460 2824 1496 2895 in

450 2943 505 3013 his
530 2943 674 3024 naturis
692 2965 774 3035 quae
792 2941 954 3013 similiter
970 2941 1257 3013 inconvertibiles
1282 2950 1373 3025 sunt,
1392 2953 1429 3012 et
1452 2943 1498 3011 si·

450 3054 586 3125 militer
608 3054 786 3148 ingenite,
805 3054 878 3125 ulla
903 3055 1076 3139 discretio,
1101 3077 1216 3148 neque
1239 3053 1351 3125 altera
1370 3076 1416 3125 ex
1442 3054 1497 3124 his

450 3170 544 3240 bona
571 3171 783 3262 agnoscitur,
810 3183 872 3241 aut
902 3171 1005 3242 mala.
1057 3171 1219 3255 Quodsi
1248 3170 1496 3250 convertibiles

449 3295 543 3366 sunt,
561 3283 696 3355 seilicet
712 3288 897 3377 provenire
913 3297 1033 3381 potest
1045 3297 1083 3357 et
1101 3288 1233 3358 bonum
1246 3285 1336 3357 effici
1351 3286 1494 3369 melum,

449 3413 487 3472 et
504 3399 639 3471 malum
657 3400 802 3473 bonum.
854 3404 893 3475 Si
911 3405 1007 3475 enim
1031 3406 1098 3475 hoc
1122 3404 1305 3497 provenire
1330 3403 1495 3496 possibile

449 3526 514 3600 est,
526 3540 636 3610 quare
652 3540 725 3588 non
736 3529 870 3588 ⁰unum
884 3519 1042 3591 dicamus
1058 3521 1267 3614 ingenitum,
1279 3519 1373 3612 quod
1391 3518 1496 3590 intel·

450 3630 572 3724 ligere,
590 3631 702 3725 magis
728 3633 875 3727 dignum
905 3643 960 3705 est
980 3636 1089 3726 juxta
1115 3635 1286 3704 rationem
1313 3632 1494 3704 veritatis?

452 3746 590 3819 Intueri
608 3749 703 3818 enim
721 3758 873 3841 oportet,
891 3751 1069 3842 quomodo
1092 3748 1206 3820 malus
1230 3747 1292 3818 ille
1317 3748 1424 3819 fuerit
1449 3748 1495 3819 ab

452 3863 562 3945 initio,
580 3873 643 3934 aut
668 3864 705 3934 in
732 3887 819 3956 quos
844 3866 1014 3936 malitiam
1042 3866 1240 3936 exercuerit
1264 3874 1347 3936 ante
1370 3864 1493 3933 mundi

452 3980 754 4050 constitutionem.
806 3980 898 4051 Cum
921 3980 1047 4051 caelum
1074 3981 1231 4051 noudum
1252 3980 1438 4062 extitisset,
1457 3988 1493 4049 et

454 4095 608 4165 nondum
626 4105 720 4166 terra
736 4096 952 4180 subsisteret,
970 4122 1040 4167 non
1068 4097 1185 4179 homo,
1204 4120 1273 4165 non
1299 4095 1438 4176 animal,
1457 4096 1494 4165 in

492 4317 515 4348 Ν
529 4307 566 4364 Et
580 4307 626 4363 hic
640 4308 713 4365 male
727 4309 831 4384 legitur
843 4311 869 4366 in
885 4309 982 4367 codice
998 4310 1155 4375 Cssiueusi,
1170 4318 1302 4385 expectat.

494 4413 508 4443 ὓ
525 4404 603 4477 [Fon
618 4405 856 4481 inconvertibiles]
1024 4417 1038 4448 ⁰
1057 4408 1135 4481 [For.
1152 4427 1239 4464 unum
1253 4408 1384 4481 bonum]

537 4521 602 4563 von.
618 4521 648 4562 v,
964 4524 990 4565 u
