3900 5167
813 450 1117 516 ARCHELAUS.
1446 452 1488 514 28

440 630 564 688 taurum
590 624 735 688 adnexo:
773 630 811 687 at
837 622 906 687 illas
929 620 1009 686 scite
1030 620 1174 686 intexuit
1203 620 1332 705 reliquis
1358 621 1490 687 editoris

440 725 527 791 nous
543 726 747 791 doctissimus
766 734 880 790 auctor
896 724 1114 809 Supplamenti
1135 724 1178 788 ad
1194 724 1334 789 Concilio
1355 726 1490 789 Veneto

442 829 620 894 labbeana
641 830 769 907 (Marsi
792 828 952 913 Supplem.
973 827 1016 891 ad
1037 826 1158 890 Connil.
1179 834 1257 892 tom.
1273 828 1293 890 i.
1309 850 1402 913 pagg.
1418 847 1488 912 113,

441 934 536 1015 seq.).
569 931 667 1015 (Ver.
690 932 786 995 Lacu.
811 929 934 993 clauim
953 949 1007 1014 50.
1033 930 1177 1006 tantam.)
1218 929 1383 993 Praeterea
1407 929 1489 1015 frag-

441 1041 586 1099 msntnm
601 1032 837 1118 Disputationis
857 1030 1007 1095 Archelai
1023 1051 1063 1094 cu
1079 1029 1189 1115 Cyrilli
1208 1030 1489 1117 Hierosolymitaui

441 1135 609 1201 Gateohesi
623 1136 663 1199 ri.
679 1136 861 1199 desumtum
879 1146 977 1219 atque
997 1133 1109 1197 iisdem
1131 1133 1226 1197 Actis
1246 1134 1305 1197 sub
1319 1135 1414 1198 finem
1435 1135 1490 1199 ad·

437 1237 573 1323 jactum
586 1238 777 1303 contulimus
792 1258 864 1301 cum
884 1234 1054 1300 novissima
1074 1234 1213 1299 editione
1235 1234 1406 1299 Parisicusi
1422 1235 1488 1301 ΒΒ.

441 1338 625 1423 (lyr-illinon,
640 1339 878 1423 versionemque
895 1337 1118 1413 recensuimus,
1135 1344 1169 1401 ct
1189 1338 1226 1400 cl.
1246 1336 1378 1401 editoris
1396 1343 1490 1401 notu

442 1442 643 1525 subjecimus.

853 1603 1077 1639 -4-

488 1747 570 1812 Hoec
591 1748 803 1812 (immanius.
848 1751 930 1814 Cum
953 1772 1028 1815 vcro
1052 1751 1218 1815 Fabricius
1240 1751 1273 1814 in
1297 1748 1489 1815 Bibliotheca

446 1852 575 1925 (draca,
596 1851 656 1915 vol.
672 1851 721 1915 vii.
744 1873 815 1937 pag.
834 1855 905 1934 276.
928 1853 977 1917 ed.
1006 1874 1105 1928 nova,
1130 1853 1317 1938 scripsisset,
1344 1852 1488 1937 colligere

442 1953 650 2038 zacagnium.
666 1953 698 2017 in
713 1954 873 2039 epitomen
891 1956 1050 2039 redegisse
1065 1955 1213 2019 Archelai
1229 1955 1315 2019 Acta
1331 1953 1488 2039 Hegemo

442 2054 543 2129 nium,
558 2065 657 2139 atque
677 2055 761 2119 illins
782 2056 879 2120 modo
901 2056 1067 2141 Epitcmcs
1091 2056 1244 2120 Latinam
1264 2064 1403 2120 veterem
1422 2076 1488 2119 ver-

442 2155 564 2221 sionem
578 2156 621 2220 ad
636 2177 695 2220 nos
715 2157 904 2242 pervenisse,
920 2158 994 2222 inde
1014 2159 1097 2242 quod
1119 2158 1150 2220 in
1170 2158 1230 2221 hac
1245 2180 1308 2220 non
1329 2158 1487 2241 legantur,

443 2280 514 2345 qnae
529 2281 570 2323 ex
581 2259 731 2323 Archelai
743 2260 974 2345 disceptatione
986 2281 1057 2324 cum
1071 2261 1202 2325 Menate
1217 2260 1339 2345 profert
1351 2260 1489 2345 Cyrillus

444 2362 574 2425 Hieros.
596 2368 630 2426 et
652 2362 736 2446 quod
759 2362 882 2426 duobus
904 2362 981 2427 locis
1001 2375 1114 2427 auctor
1133 2362 1245 2426 horum
1269 2363 1425 2426 Actorum
1445 2362 1488 2427 ab

444 2464 606 2529 Archelao
630 2486 665 2528 se
688 2464 864 2550 distinguat
889 2487 927 2529 ac
950 2466 1107 2528 diversum
1132 2464 1235 2529 innuit
1247 2490 1256 2540 ;
1286 2487 1325 2528 ea
1346 2486 1417 2549 quse
1439 2486 1487 2528 ss-

443 2565 666 2650 qnnntur‚·cel.
684 2565 806 2630 Keilins
820 2567 943 2631 notavit
957 2568 1000 2631 ad
1015 2567 1239 2631 Fabricianum
1254 2588 1344 2651 opus.
1389 2574 1410 2605 ‘¹
1425 2565 1488 2629 His

443 2676 466 2705 “
480 2667 586 2753 ipsis,”
601 2666 715 2752 inquit,
732 2667 896 2752 “aliisque
911 2668 1053 2755 pluribus
1068 2669 1108 2733 de
1126 2669 1229 2733 causis
1243 2689 1368 2732 omnem
1384 2669 1486 2731 Acto-

443 2778 465 2808 “
475 2791 546 2833 rum
556 2769 651 2834 fidem
660 2778 758 2855 atque
768 2771 991 2836 auctoritatem
1001 2772 1171 2856 infringere
1182 2770 1307 2835 studuit
1314 2769 1486 2834 Beausobr.

444 2881 464 2909 ‘⁸
477 2872 609 2936 Histoir.
632 2872 670 2937 dc
691 2873 830 2937 Mantala.
853 2874 907 2937 lib.
919 2874 938 2937 i.
959 2896 1030 2959 cap.
1043 2873 1096 2938 xii.
1118 2880 1153 2938 et
1173 2872 1238 2936 xiii.
1253 2895 1285 2958 p.
1304 2891 1371 2956 129,
1387 2894 1433 2955 sq.
1454 2880 1488 2936 ct

445 2984 464 3013 ‘⁴
481 2973 564 3039 Bibl.
587 2976 689 3038 Germ.
705 2983 729 3039 t.
742 2974 805 3039 xlii.
824 2997 856 3060 p.
873 2997 926 3062 34,
949 2999 998 3061 sq.
1021 2977 1074 3060 qui
1092 2975 1308 3040 narrationem
1327 2974 1421 3038 istam
1442 2974 1487 3037 la-

445 3086 464 3115 “
478 3076 584 3142 hulam
605 3098 674 3140 esse
693 3077 827 3161 judicat,
850 3086 966 3162 quarto
989 3100 1051 3142 sec.
1075 3101 1095 3142 a
1117 3076 1264 3141 Graeculo
1287 3077 1424 3162 quodam
1447 3098 1487 3140 ex

445 3187 465 3216 “
479 3180 563 3243 veris
578 3178 696 3263 partim
708 3178 852 3264 fictisque
866 3180 1056 3257 rumoribus,
1066 3180 1184 3266 partim
1199 3202 1238 3244 cx
1253 3179 1378 3264 ingenio
1390 3178 1486 3243 etiarn

444 3290 465 3319 ‘⁴
480 3290 683 3352 contextam
707 3282 796 3366 cujus
810 3284 977 3348 senmntiae
992 3291 1028 3347 ut
1043 3283 1184 3348 fautores
1198 3291 1311 3347 nactus
1325 3289 1375 3346 cst
1388 3281 1487 3345 hard-

445 3393 542 3450 “nea
555 3385 609 3470 qui
622 3387 686 3468 (Dc
697 3385 779 3449 Fida
789 3386 872 3449 Hirr.
882 3387 1002 3471 Econp.
1018 3409 1049 3471 p.
1059 3401 1134 3471 375,
1145 3408 1191 3471 sq.
1205 3386 1254 3450 ed.
1266 3386 1388 3466 Genu.)
1399 3384 1488 3447 novis

446 3494 465 3524 “
478 3487 560 3551 adeo
571 3509 641 3551 eam
652 3486 848 3571 argumentis
857 3488 1044 3551 confirmare
1054 3489 1188 3564 studuit,
1204 3486 1486 3570 Baumgartenium

446 3598 465 3627 “
478 3591 511 3653 in
535 3590 653 3654 Nualr.
675 3611 732 3653 coa
752 3590 871 3654 malco.
893 3590 991 3654 Bucl.
1009 3591 1069 3655 vol.
1086 3591 1118 3655 ii.
1134 3612 1165 3675 p.
1180 3611 1254 3671 444.
1274 3597 1373 3673 atque
1395 3587 1485 3652 Sem·

447 3702 465 3729 ‘⁶
479 3693 581 3757 lerum
596 3693 629 3755 in
641 3691 1175 3778 IntroductadPolomAEaampcrt.
1188 3700 1211 3757 t.
1224 3693 1244 3756 i.
1261 3714 1292 3776 p.
1303 3710 1376 3772 270.
1393 3689 1486 3755 alios-

447 3804 465 3833 “
478 3817 540 3881 que
570 3795 687 3881 plures,
716 3795 765 3860 ita
792 3796 990 3859 adversarios
1019 3796 1116 3860 ctiam
1146 3796 1258 3859 habuit
1289 3794 1373 3878 Aug.
1404 3796 1485 3856 Ant.

446 3898 653 3984 “Georgium
675 3898 707 3962 in
731 3896 863 3982 dhaland.
893 3896 985 3962 Tito.
1008 3921 1081 3985 pag.
1098 3918 1173 3984 342,
1191 3920 1242 3982 sq.
1266 3907 1300 3962 et
1322 3896 1356 3960 in
1381 3896 1483 3979 Pras.

447 4011 465 4038 “
477 4011 562 4085 part.
574 4002 594 4065 i.
616 4000 779 4086 praemissa
794 4022 865 4086 pag.
879 4001 930 4064 xli.
951 4009 1050 4085 atque
1065 4000 1238 4066 Trarasam
1257 3998 1291 4061 in
1307 4001 1388 4063 διον.
1408 3997 1485 4061 orit.

448 4113 465 4139 “
477 4105 552 4168 dolls
567 4105 634 4167 Vita
649 4091 728 4188 depli
742 4103 830 4166 Erec.
846 4111 870 4166 t.
883 4125 908 4166 v.
927 4126 957 4188 p.
971 4122 1044 4186 215,
1061 4126 1106 4188 sq.
1153 4102 1295 4167 Mediam
1312 4123 1386 4165 vcro
1402 4100 1486 4164 inter

447 4216 466 4244 “
480 4218 632 4291 utrosque
647 4205 740 4281 viam,
756 4226 850 4289 quam
869 4205 1065 4269 Moshcmius
1075 4228 1115 4270 cx
1130 4214 1223 4290 parte
1233 4205 1302 4290 jam
1317 4203 1486 4288 prmiverat

448 4312 513 4373 “in
535 4312 693 4375 Commeat.
709 4308 745 4371 do
765 4306 850 4371 rodas
872 4308 984 4371 Christ.
1001 4318 1070 4372 ants
1093 4309 1243 4370 coarcat.
1260 4308 1310 4369 M.
1326 4327 1396 4389 pag.
1412 4319 1485 4385 729.

450 4413 638 4498 “ingressus
657 4421 707 4476 cst
726 4410 801 4474 Chr.
817 4411 900 4475 Guil.
919 4410 1035 4475 Franc.
1051 4409 1217 4474 Walchius
1237 4409 1268 4471 in
1285 4409 1403 4472 Hister.
1420 4406 1485 4471 dor.
