3900 5167
463 443 528 508 124
680 442 930 508 ARCHELAI
964 441 1029 509 ET
1060 445 1281 513 MANETIS

462 622 561 706 patre
591 613 768 695 mendax;
806 625 886 706 post
919 615 993 685 hac
1024 638 1116 700 vero,
1148 640 1229 688 curn
1264 620 1383 691 foetus
1416 629 1501 692 esset

460 729 578 811 homo,
604 752 645 799 ac
672 730 856 799 mendacio
883 731 958 822 ejus
986 733 1109 804 fuisset
1138 743 1175 803 et
1206 734 1503 806 circumventione

460 845 638 934 deceptus,
657 866 737 913 cum
764 866 839 916 sese
865 845 1067 916 inseruisset
1094 850 1229 939 corpori
1256 851 1432 939 serpentia
1456 871 1504 919 sa·

460 961 641 1051 pientioris
674 962 832 1030 omnium
868 962 1070 1043 bestiarum,
1102 972 1188 1032 tnnc
1221 964 1423 1055 appellatus
1454 974 1505 1035 est

459 1073 623 1154 mendax,
637 1097 708 1144 una
726 1097 806 1144 cum
824 1085 925 1167 patre
941 1096 1015 1157 suo,
1029 1086 1086 1146 ‘et
1102 1075 1269 1147 effectum
1287 1087 1344 1148 est
1361 1102 1434 1149 non
1456 1101 1508 1150 so·

459 1188 533 1258 lum
552 1211 657 1281 snper
679 1191 792 1281 ipsum
816 1192 990 1261 mendacii
1009 1190 1249 1274 maledictum,
1267 1196 1329 1264 sed
1348 1203 1388 1264 et
1405 1215 1508 1287 super

458 1313 594 1396 patrem
613 1306 698 1396 ejus.
750 1303 841 1374 Cum
868 1327 952 1397 ergo
977 1327 1120 1396 serpens
1145 1308 1336 1398 recepisset
1360 1330 1446 1377 eum
1471 1308 1507 1376 in

459 1440 545 1501 sese,
579 1429 617 1487 et
650 1420 838 1510 recepisset
874 1419 1086 1499 universum,
1121 1430 1290 1512 tanquam
1325 1443 1507 1515 praegnans

458 1531 605 1604 effectus
622 1542 686 1614 est,
704 1534 858 1624 ingentis
881 1532 1026 1603 malitioe
1048 1533 1180 1603 fascem
1203 1544 1358 1625 portans,
1377 1545 1415 1605 et
1432 1545 1506 1605 erat

456 1648 548 1718 sicut
574 1670 756 1739 puerpera,
782 1670 859 1738 quae
886 1657 988 1739 partu
1015 1657 1171 1740 urgetur,
1194 1648 1316 1719 volens
1340 1672 1506 1721 evomere

457 1762 618 1856 malignae
635 1762 868 1854 suggestionis
886 1763 962 1853 ejus
982 1757 1139 1854 ‘egritate
1191 1762 1303 1833 Primi
1321 1764 1418 1834 enim
1443 1765 1505 1834 ho·

457 1876 562 1945 minis
578 1875 726 1968 gloriam
742 1876 897 1967 graviter
913 1875 1028 1943 ferens
1046 1896 1198 1966 serpens,
1211 1875 1389 1968 ingressus
1406 1898 1504 1967 para-

456 1990 581 2070 disum,
600 1998 637 2059 et
660 1991 839 2080 conceptis
865 1990 901 2057 in
924 2010 962 2057 se
986 1987 1173 2069 doloribus,
1191 1990 1381 2059 mendaces
1397 1992 1504 2081 coepit

455 2124 623 2195 generare
640 2125 827 2183 sermones,
846 2113 884 2171 et
901 2111 1053 2171 mortem
1076 2125 1197 2193 parere
1214 2102 1426 2185 hominibus,
1443 2105 1502 2195 qui

455 2242 477 2289 a
495 2219 573 2289 Deo
591 2221 730 2290 fueram
747 2220 899 2312 figurati,
916 2230 953 2289 et
971 2230 1180 2311 acceperant
1198 2220 1317 2289 vitam.
1364 2218 1501 2291 Veram

455 2355 525 2403 non
544 2333 660 2424 potnit
677 2341 793 2401 totum
820 2354 858 2400 se
884 2332 1109 2401 manifestum
1134 2330 1250 2401 facere
1275 2352 1339 2422 per
1362 2353 1503 2423 serpen·

454 2458 549 2530 tem3
579 2447 640 2517 sed
673 2449 863 2518 reservavit
893 2447 1147 2537 perfectionem
1175 2468 1284 2527 suam,
1310 2468 1417 2537 quam
1443 2447 1503 2516 de·

454 2572 666 2633 monstraret
689 2563 725 2631 in
743 2560 882 2643 Caino
905 2585 975 2652 quo
998 2569 1186 2653 generatus
1212 2570 1266 2630 est
1291 2568 1401 2630 totus.
1453 2559 1501 2629 Et

454 2699 517 2767 per
550 2685 749 2768 serpentem
785 2678 927 2767 quidem
962 2676 1171 2768 hypocrises,
1201 2683 1239 2744 et
1268 2674 1424 2745 fallacias
1456 2674 1500 2744 od

455 2791 566 2863 Evam
594 2792 867 2861 demonstravit:
894 2814 957 2882 per
972 2790 1060 2860 (lain
1086 2813 1168 2859 vero
1194 2790 1373 2859 homicidii
1400 2813 1501 2859 exor-

453 2908 549 2977 dium
569 2907 676 2985 dedit,
695 2907 849 2975 inscrens
867 2929 904 2976 se
922 2908 958 2975 in
976 2906 1148 2997 primitias
1166 2906 1318 2998 frugum,
1336 2927 1424 2996 quas
1440 2903 1500 2973 ille

452 3019 545 3089 male
562 3019 751 3089 distribuit.
806 3019 861 3088 Ex
886 3020 952 3089 hoc
976 3021 1153 3089 homicida
1170 3018 1366 3111 appellatus
1384 3027 1439 3088 est
1455 3018 1500 3087 ab

451 3134 573 3215 initio;
599 3135 752 3204 mendax
771 3155 853 3204 vero
875 3135 1040 3223 quoniam
1060 3134 1196 3215 fefellit,
1215 3134 1344 3212 dicens,
1368 3131 1500 3202 'Eritis

452 3258 614 3341 tanquam
641 3247 731 3318 Dii:
760 3250 863 3339 ejecti
889 3260 972 3318 suut
998 3250 1092 3318 enirn
1119 3260 1243 3341 postea
1269 3249 1313 3317 de
1339 3247 1499 3338 paradiso

451 3362 511 3444 illi,
531 3386 618 3453 quos
636 3364 732 3433 Deos
755 3365 892 3433 futuros
917 3386 993 3433 esse
1019 3364 1175 3433 fallebat.
1229 3362 1390 3431 Efficitur
1416 3386 1498 3455 ergo

450 3480 544 3569 prior
560 3488 661 3569 pater
673 3480 758 3569 ejus,
773 3480 831 3569 qui
850 3500 932 3546 eum
952 3479 988 3546 in
1005 3488 1107 3547 utero
1125 3478 1298 3569 concepit,
1308 3486 1346 3546 et
1363 3478 1496 3570 genuit,

449 3603 556 3685 atque
581 3596 616 3664 in
644 3595 759 3664 lucem
786 3595 898 3664 edidit
915 3616 1078 3685 serpens3
1105 3595 1279 3664 secundus
1297 3614 1379 3661 vero
1397 3591 1496 3674 Cain,

450 3711 508 3799 qui
527 3733 590 3801 per
607 3710 810 3801 iniquitates
828 3719 1028 3800 conceptas,
1047 3709 1195 3792 dolores,
1213 3719 1250 3779 et
1273 3708 1495 3800 parricidium

450 3825 605 3913 peperit;
631 3825 833 3894 interfectio
859 3824 994 3893 etenim
1021 3824 1257 3913 iniquitatem,
1275 3823 1492 3914 injustitiam,

449 3947 555 4029 atque
581 3941 800 4030 impietatem
828 3940 958 4029 pariter
984 3929 1209 4030 perpetravit.
1262 3937 1395 4008 Sedet
1421 3939 1494 4028 qui-

450 4074 588 4144 cunque
619 4077 699 4123 euni
736 4053 939 4144 suscipiunt,
969 4063 1006 4121 et
1037 4054 1172 4123 faciunt
1207 4053 1280 4142 ejus
1315 4050 1492 4129 desideria,

530 4241 542 4271 ⁰
560 4232 591 4287 ln
607 4232 704 4287 codicc
721 4231 876 4296 (cosinensi,
894 4240 931 4287 ut.
1150 4228 1268 4295 fFortc,
1284 4234 1413 4304 cogitatu.

873 4366 878 4387 ¹
896 4361 968 4416 Gen.
985 4360 1023 4415 iii.
1042 4380 1068 4432 5.
