3900 5167
838 443 1147 509 DISPUTATIO.
1451 443 1515 510 107

467 627 523 690 ret
540 617 685 699 Jesum;
713 619 772 709 qui
791 619 887 688 enim
904 619 1043 689 dixerat
1059 639 1097 688 se
1114 639 1185 686 uon
1203 617 1318 688 multo
1335 627 1414 710 post
1431 620 1515 689 mis·

465 756 588 806 surum
611 754 687 804 esse
709 732 936 816 Parsclitum,
953 734 1134 805 iuvenitur
1151 741 1252 825 spost
1270 742 1458 817 trecentos,
1475 745 1513 805 et

466 873 512 922 eo
534 847 686 942 emplius
709 871 820 920 snnos
844 850 981 920 misisse
1003 849 1108 930 hunc,
1125 849 1218 919 sicut
1240 850 1314 942 ipse
1331 850 1397 920 sibi
1414 852 1514 935 testi·

467 967 627 1036 monium
652 963 824 1056 perhibet.
877 964 974 1049 Quid
999 965 1119 1035 dicent
1135 963 1223 1034 Jesu
1249 964 1284 1033 iu
1312 964 1369 1035 die
1388 965 1515 1056 judicii

467 1079 533 1163 illi,
549 1081 615 1171 qui-
627 1081 704 1172 jsm
723 1080 796 1181 vite
812 1089 1039 1151 excessemnt
1065 1102 1109 1150 ex
1135 1078 1197 1149 illo
1222 1090 1383 1173 tempore
1405 1102 1516 1173 usque

468 1195 591 1267 nunci
634 1196 764 1267 Nonne
790 1195 869 1267 baec
895 1196 990 1288 opud
1015 1219 1098 1267 eum
1123 1195 1339 1289 allegabunt,
1357 1196 1429 1266 noli
1452 1219 1517 1266 nos

467 1312 636 1393 cruciere,
659 1312 688 1382 si
714 1334 820 1404 opere
845 1322 910 1382 tue
932 1334 1003 1382 non
1030 1311 1198 1395 fecimus3
1224 1335 1287 1383 eur
1313 1316 1406 1383 enim
1435 1336 1517 1383 cum

467 1428 669 1521 promiseris
700 1428 766 1499 sub
799 1426 940 1498 Tiberio
974 1426 1111 1499 Caesere
1149 1428 1335 1499 missumm
1370 1440 1406 1498 te
1441 1451 1517 1500 esse

468 1540 697 1624 Persolitum,
714 1544 774 1635 qui
801 1548 979 1640 'aspiceret
1004 1566 1066 1614 noe
1091 1542 1133 1613 de
1151 1550 1301 1638 peccato,
1325 1553 1357 1614 et
1382 1544 1424 1615 de
1437 1545 1517 1636 joe-

468 1658 561 1740 sitia,
578 1658 644 1729 sub
662 1657 778 1729 Probo
795 1659 941 1729 demum
959 1658 1122 1729 Romano
1141 1657 1360 1751 Imperatore
1377 1660 1516 1745 misisti,

468 1774 644 1866 orphanos
661 1773 890 1866 dereliquisti,
915 1796 998 1845 cum
1015 1775 1091 1867 ipse
1107 1775 1250 1859 dixeris,
1268 1780 1355 1845 'non
1371 1773 1517 1846 doetis-

469 1910 573 1983 quons
599 1911 658 1960 ooo
685 1886 868 1983 optatos,
886 1912 967 1960 cum
995 1892 1071 1983 ipse
1098 1891 1229 1962 dixeris
1256 1901 1304 1973 te,
1327 1912 1412 1960 mox
1437 1892 1516 1973 ires,

469 2004 659 2075 missurum
676 2026 753 2076 esse
770 2002 1011 2076 Psmclitumi
1037 2005 1134 2089 Quid
1151 2014 1353 2099 poteramus
1371 2005 1516 2098 orphani

470 2118 597 2202 faeere,
615 2142 685 2190 non
708 2119 880 2191 hebentes
904 2129 1070 2202 tutorem,
1090 2118 1177 2191 nihil
1202 2142 1267 2191 nos
1291 2119 1516 2212 deliquimus,

470 2244 511 2305 tu
541 2256 607 2305 nos
636 2233 815 2306 fefellisti?
853 2235 942 2306 rSed
968 2237 1061 2307 obsit
1085 2235 1153 2307 boc
1173 2259 1195 2307 s
1216 2235 1371 2307 Domino
1396 2245 1516 2306 nostro

469 2346 558 2420 Jesu
584 2348 728 2420 Christo
753 2348 937 2422 Selvmore
962 2353 1078 2423 omnis
1105 2354 1240 2422 snimoe.
1292 2350 1396 2421 ³Non
1422 2351 1517 2420 enim

470 2473 630 2536 motetus
646 2473 702 2535 est
718 2466 755 2536 in
772 2467 1060 2558 promissionibus
1082 2470 1163 2549 suis,
1181 2468 1243 2538 sed
1260 2489 1342 2537 oum
1360 2467 1518 2548 dixisset,

469 2579 594 2654 ⁴Vcdo
620 2580 667 2652 od
685 2579 829 2653 Patrem
856 2606 980 2670 mecm,
1002 2592 1034 2655 ct
1058 2586 1156 2655 mitto
1181 2583 1272 2657 cobis
1290 2582 1517 2663 Pcrooliturm

466 2698 593 2770 stetim
610 2697 717 2779 misit,
735 2698 907 2782 dividens,
925 2700 1059 2770 donans
1075 2699 1256 2793 discipulis
1273 2702 1364 2781 suis;
1391 2698 1518 2769 ⁸sbun-

463 2813 613 2885 dontius
630 2835 713 2883 vero
730 2812 914 2885 conferens
933 2814 1057 2884 Paulo.

458 2997 583 3055 ιιίεειωι
605 2996 846 3055 eroePcrsclitsm
865 3006 931 3074 port
955 2998 1080 3054 mestos
1104 3005 1130 3053 et
1152 2998 1267 3073 tripiutc
1289 3014 1372 3053 assor
1393 2996 1426 3052 ab
1445 2997 1518 3071 Apo-

453 3094 567 3152 nolico
580 3094 673 3168 oratio
687 3102 848 3152 transactos.

505 3201 525 3246 (ι
541 3190 743 3248 Contentionis
763 3202 834 3249 aestu
855 3202 934 3250 setus
951 3192 1064 3250 videtur
1084 3192 1131 3248 hic
1152 3190 1255 3249 dixisse
1272 3190 1440 3255 Archelaus,
1455 3200 1520 3265 post

454 3296 616 3348 trecentos
638 3296 666 3345 et
688 3289 808 3364 emplius
830 3308 920 3347 anuos
941 3309 959 3347 s
981 3288 1090 3346 Christi
1111 3297 1233 3345 mortem
1256 3288 1403 3345 Menetem
1428 3306 1519 3345 emer·

454 3386 559 3443 sisse:
585 3402 650 3439 nem
664 3402 682 3440 s
696 3383 804 3441 Christi
819 3392 910 3441 morte
927 3403 1015 3458 usque
1035 3384 1071 3441 ed
1090 3382 1193 3440 hebitae
1213 3401 1278 3439 cum
1292 3382 1409 3439 Menete
1424 3381 1519 3458 dispu-
1534 3437 1540 3448 ,

450 3480 590 3541 tationis
608 3487 730 3556 tempus,
749 3482 817 3538 suni
838 3481 950 3539 circiter
970 3480 1072 3539 ccxlix.
1093 3479 1281 3538 intercedunt.
1324 3480 1398 3537 Vide
1420 3480 1519 3555 proefe-

450 3581 581 3639 tionem
595 3586 721 3635 nostrum
735 3578 764 3635 in
779 3579 929 3636 Archelao.

505 3686 522 3717 ¹
537 3674 631 3731 Parva
652 3674 808 3735 mutatione
830 3676 907 3733 bunc
928 3675 1023 3732 locum
1044 3684 1129 3739 recte,
1145 3674 1174 3730 ni
1192 3673 1283 3738 fallor,
1299 3674 1520 3742 emendavimus,

449 3773 516 3849 qui
541 3772 572 3827 in
594 3770 692 3828 codice
714 3771 862 3830 (lesinensi
884 3773 978 3829 iisse
1000 3771 1093 3846 hehet.
1136 3769 1193 3828 Sed
1206 3772 1277 3828 absit
1291 3772 1359 3828 hanc
1373 3790 1389 3827 a
1403 3772 1522 3829 Domino

446 3877 565 3928 nostro
578 3866 648 3924 Jeru
664 3867 772 3925 Christo
786 3868 930 3927 Salvatore
944 3887 1019 3926 omne
1032 3870 1135 3924 auimo.

510 3976 524 4008 ⁸
540 3964 618 4022 Mire
631 3964 678 4022 hic
691 3973 721 4023 et
735 3965 764 4022 in
779 3985 858 4042 seqq.
874 3967 1044 4041 depravatus
1064 3974 1107 4022 est
1127 3965 1216 4022 codex
1231 3964 1403 4029 (lerinensis,
1418 3966 1447 4022 in
1466 3986 1521 4041 quo

448 4059 587 4135 legitur.
602 4058 806 4117 Abundantius
819 4079 884 4116 vero
903 4062 1031 4134 confitens
1046 4058 1142 4118 Paulo.
1186 4058 1285 4114 Manes
1298 4059 1376 4125 dicit,
1395 4059 1482 4115 Tuum
1496 4068 1521 4114 et

451 4158 560 4233 ipsius
579 4155 679 4211 indicio
698 4157 903 4231 comprehensim
921 4176 967 4224 es,
990 4156 1045 4213 hoec
1064 4157 1133 4212 enim
1152 4174 1256 4212 versum
1276 4165 1302 4213 te
1315 4157 1429 4221 locutus,
1444 4157 1519 4230 iquo-

495 4285 603 4343 ¹Joen.
619 4285 676 4341 xvi.
693 4284 719 4341 8.
1099 4285 1205 4341 'Josm
1221 4287 1277 4342 xiv.
1297 4285 1342 4342 18.
1424 4280 1426 4284 ⁴

496 4392 506 4421 ³
522 4382 600 4457 [For.
611 4382 759 4457 respicitur
770 4383 806 4439 sd
819 4402 834 4439 2
847 4384 908 4440 Pet.
920 4384 956 4439 iii.
969 4384 1011 4457 9.]
1097 4390 1107 4419 ⁴
1120 4382 1204 4440 Joen.
1216 4383 1273 4439 xiv.
1288 4401 1331 4439 12.
1346 4392 1375 4440 et
1386 4384 1441 4439 xvi.
1454 4383 1500 4441 28.

972 4499 1025 4546 ΡΖ
