3900 5167
535 463 600 524 158
758 460 1013 523 ARCHELAI
1044 460 1109 523 ET
1142 459 1363 524 MANETIS

523 651 588 743 juo
604 657 663 732 est,
681 657 712 719 ot
729 649 802 742 ipse
814 648 881 718 erit
901 650 1090 744 eopeototio
1103 649 1267 747 pontium.
1318 648 1414 740 uns‘
1430 648 1578 747 oilipoiit

533 763 582 835 od
605 764 705 836 vitem
728 761 861 858 pullum
886 786 996 846 mum,
1014 772 1047 836 ot
1073 763 1121 835 od
1141 765 1304 859 optimam
1326 766 1429 837 vitem
1450 762 1578 860 polim

535 882 641 952 asino
658 904 741 949 oum.
783 877 930 951 Looohit
952 880 991 950 in
1014 880 1095 951 vino
1117 879 1238 952 stolum
1257 903 1366 963 suom,
1384 890 1417 952 ot
1442 881 1482 951 in
1503 903 1578 952 eois

471 998 475 1008 '
531 995 638 1093 poino
651 1016 728 1065 ooae
744 993 980 1065 indumentum
997 1017 1108 1065 soum.
1160 990 1312 1089 'Srfflmae'
1333 992 1427 1065 ocuti
1448 994 1535 1087 'qus
1558 1017 1578 1064 o

535 1111 625 1191 vino,
642 1119 674 1181 ot
695 1108 838 1181 condidi
861 1108 975 1179 dentes
1001 1110 1072 1201 pos
1094 1132 1116 1179 o
1139 1107 1233 1191 loote,
1254 1117 1293 1179 et
1314 1108 1462 1201 reliqua.
1511 1110 1578 1193 Qui

535 1228 643 1297 etiarn
677 1235 715 1295 et
748 1226 844 1296 undo
878 1234 1048 1296 venturus
1081 1233 1174 1296 esset
1214 1226 1413 1319 designavit
1451 1226 1578 1307 (linens,

535 1340 761 1436 ’Proplotom
779 1340 872 1412 vobis
897 1338 1074 1412 suscitabit
1090 1340 1266 1412 Dominus
1282 1339 1381 1411 Dono
1396 1364 1443 1411 oo·
1450 1340 1579 1438 frutri-

535 1456 596 1528 bus
612 1457 742 1539 ventrio,
759 1457 848 1527 sictut
864 1480 939 1534 me:
965 1458 1079 1551 ipsum
1097 1455 1223 1527 audito.
1268 1456 1321 1526 Ilt
1337 1456 1484 1549 quidem
1500 1458 1578 1548 qnia

535 1595 605 1641 non
628 1572 738 1663 possit
754 1572 917 1666 intelligi,
935 1572 1002 1642 hoo
1019 1573 1081 1643 ³de
1098 1573 1186 1643 Jesu
1203 1572 1322 1641 'Nave
1340 1571 1477 1642 dictum
1494 1593 1575 1651 esse,

534 1860 596 1898 rum
619 1842 673 1899 istu
693 1844 778 1919 hujus
798 1844 853 1901 loci
874 1844 1070 1919 interpretatio
1090 1845 1176 1921 louge
1191 1843 1302 1901 diversa
1313 1852 1358 1901 est
1373 1864 1390 1901 u
1403 1843 1537 1920 Vulgata.
1551 1853 1577 1901 et

534 1939 571 1996 ub
588 1940 792 2015 antiquioribus
813 1942 998 2007 versionibus,
1020 1961 1090 2017 quas
1108 1941 1245 1999 exhibent
1262 1941 1455 1999 Tertullianus
1472 1942 1576 2016 [Nors-

534 2038 643 2112 tisnus]
661 2039 697 2096 de
710 2039 810 2096 Triuit.
825 2058 884 2115 cap.
899 2058 928 2116 9.
943 2049 972 2098 et
987 2039 1145 2115 Cyprianus
1160 2039 1222 2096 adv.
1236 2039 1354 2096 Judaeos
1365 2038 1415 2097 lib.
1428 2039 1446 2095 i.
1463 2058 1522 2114 usp.
1535 2056 1577 2096 ιι.

534 2134 595 2192 Sed
616 2153 670 2191 nec
692 2154 787 2209 graeco
810 2137 902 2193 LXX.
926 2136 1035 2211 interp.
1059 2137 1150 2193 textui
1172 2136 1334 2210 respondet,
1357 2135 1425 2194 licet
1449 2155 1508 2193 non
1527 2153 1579 2193 unu

534 2250 647 2305 semper
667 2234 704 2289 sit
724 2234 852 2308 ejusdem
872 2234 956 2291 lectio
976 2234 1005 2290 in
1027 2234 1109 2291 codd.
1126 2233 1216 2291 MSS.
1232 2242 1261 2291 et
1275 2233 1349 2308 opud
1365 2234 1475 2291 Patres.
1509 2233 1579 2290 Vide

536 2328 684 2385 Nobilium
699 2330 727 2385 in
741 2331 818 2387 notis
832 2331 868 2387 ud
883 2350 948 2387 eum
961 2331 1065 2388 locum.

575 2436 592 2479 (ι
613 2425 686 2482 Cod.
703 2428 875 2491 Cosinensis,
887 2430 949 2503 quio
960 2428 1104 2503 ollipoiit,·
1126 2428 1176 2485 sed
1190 2426 1264 2484 huno
1278 2426 1428 2485 lectionem
1445 2447 1482 2485 ex
1501 2446 1577 2503 repe·

535 2521 636 2580 titione
650 2524 756 2580 vocalis
770 2543 796 2589 o,
811 2533 901 2581 ortum
916 2533 996 2599 puto.
1040 2524 1197 2589 Bobiensis,
1211 2524 1344 2599 ollipooit.

575 2629 588 2661 ¹
602 2619 702 2677 Codex
716 2621 834 2678 Bobien.
849 2622 930 2695 effusi
944 2622 1022 2679 oculi.
1054 2622 1136 2686 Mox,
1154 2622 1208 2685 Qui
1222 2624 1299 2678 enim.
1322 2621 1406 2687 Mox,
1421 2622 1578 2698 desipuerint,

537 2716 709 2792 Prophetom.

576 2826 587 2857 ⁸
602 2814 636 2870 ln
651 2816 784 2873 Bobiensi
798 2817 894 2891 inepta
906 2818 1001 2885 leutio,
1016 2818 1109 2874 Mune.

535 3024 647 3081 videtur
660 3026 715 3082 hoc
730 3046 791 3083 esse
806 3027 983 3083 librariorum
1003 3036 1125 3084 erratum
1147 3046 1199 3102 pro
1213 3029 1256 3083 cui
1270 3027 1321 3100 jos
1341 3036 1390 3083 est.
1426 3028 1500 3097 Quae
1521 3029 1578 3102 qui-

536 3122 601 3178 dem
624 3123 708 3179 lectio
737 3124 867 3180 restituto
888 3125 1003 3198 propius
1027 3125 1066 3180 illi
1093 3125 1201 3181 uocedit
1230 3145 1314 3199 quum
1338 3125 1470 3182 novimus
1497 3127 1580 3182 fuisse

535 3219 678 3276 veteribus
689 3230 851 3296 usurpatam
866 3219 886 3297 ᾧ
900 3223 1040 3285 ἀπόκειται,
1056 3222 1099 3277 cui
1112 3222 1256 3297 repositum
1271 3231 1319 3277 est.
1351 3223 1466 3279 Videsis
1479 3224 1533 3281 hac
1547 3224 1580 3279 de

536 3336 567 3374 re
582 3317 755 3374 Cotelerium
777 3318 812 3375 ad
830 3319 943 3376 Constit.
959 3319 1058 3393 Apost.
1078 3318 1126 3375 lib.
1143 3319 1176 3374 vi.
1192 3338 1253 3393 unp.
1273 3338 1318 3376 11.
1340 3320 1392 3376 sub
1407 3322 1512 3379 finem:
1535 3323 1579 3396 qui

535 3423 673 3489 praeterea
686 3416 722 3471 od
735 3417 897 3472 earumdem
915 3417 1005 3473 Conet.
1021 3416 1069 3471 lib.
1083 3416 1100 3471 i.
1116 3434 1177 3490 cap.
1198 3434 1221 3471 1.
1239 3415 1372 3490 praeclare
1386 3435 1502 3474 versum
1516 3438 1578 3475 cen·

537 3521 581 3569 set
595 3512 657 3569 heic
671 3514 810 3586 ejusmodi
826 3513 971 3570 Geneseos
985 3513 1095 3569 locum:
1120 3514 1165 3587 poi
1179 3514 1302 3587 nlliqaoit
1320 3516 1356 3569 od
1374 3516 1456 3570 vitem
1472 3517 1579 3591 pullum

535 3628 620 3673 suum,
636 3618 662 3665 et
676 3612 712 3665 od
725 3612 850 3685 optimam
865 3612 945 3666 vitem
955 3609 1063 3687 pullum
1077 3611 1159 3665 osinae
1173 3630 1237 3667 soie.
1262 3610 1446 3685 Gsuusnnn]

578 3710 585 3733 ¹
611 3705 668 3778 [De
689 3706 742 3761 hac
762 3706 882 3762 lectione
903 3707 964 3762 fuse
984 3707 1108 3779 disputat
1124 3705 1246 3761 Grabius
1267 3706 1295 3761 in
1312 3706 1431 3763 Dissert.
1447 3708 1580 3765 denariis

535 3803 611 3858 vitiis
625 3802 720 3858 LXX.
736 3802 858 3877 interpp.
878 3807 901 3872 §.
923 3821 966 3877 19.
981 3823 1046 3878 pag.
1063 3803 1110 3875 36.
1147 3804 1213 3871 Quo
1235 3822 1270 3858 ex
1290 3803 1354 3859 loco
1374 3804 1511 3862 nonnulla
1531 3825 1577 3862 ex·

536 3909 632 3973 cerptn
647 3900 774 3956 dedimus
788 3900 823 3954 nd
837 3900 942 3956 lustini
957 3901 1035 3956 Diol.
1051 3920 1108 3956 oum
1122 3900 1230 3975 Tryph.
1246 3904 1270 3970 b.
1286 3917 1334 3975 52.
1358 3901 1545 3976 Gnnnnnnn]

577 3998 684 4053 'Dent
700 3998 777 4052 xviii.
796 3997 839 4052 18.

576 4103 585 4131 ⁵
611 4094 794 4168 [corruptam
816 4095 965 4151 lectionem
989 4096 1021 4150 de
1034 4096 1100 4152 Jesu
1114 4095 1200 4151 Mooe
1213 4096 1321 4152 viderat
1338 4097 1398 4170 jam
1420 4097 1531 4170 pridem
1553 4099 1578 4153 in

538 4191 688 4247 Valesiano
713 4191 835 4247 editione
864 4193 948 4265 hujus
976 4193 1183 4266 Disputationis
1208 4193 1366 4249 Cotelorius
1387 4193 1423 4248 ud
1452 4195 1580 4249 llornobae

537 4288 629 4363 Epist.
646 4307 706 4360 cup.
728 4306 772 4342 12.
789 4288 884 4343 ubido
900 4289 953 4344 hoc
973 4290 1087 4345 nomine
1109 4308 1159 4361 pro
1175 4308 1252 4344 more
1268 4309 1319 4344 suo
1334 4289 1446 4346 disserit
1462 4291 1577 4346 erudite.

538 4384 722 4457 Grumum]
