3900 5167
749 456 1049 519 DISPUTATIO
1361 455 1424 521 119

376 631 435 720 qui
467 631 521 699 sui
546 629 681 699 arbitrii
712 638 888 720 potestate
923 628 1012 698 tales
1039 649 1115 696 esse
1149 625 1272 696 voluit.
1325 628 1424 697 Deus

375 746 472 813 enim
489 746 619 826 omnia,
636 767 717 836 quae
742 744 837 826 fecit,
856 744 949 814 bona
967 741 1069 811 vaide
1095 741 1190 825 fecit,
1208 741 1308 812 liberi
1334 743 1426 814 arbi-

375 861 435 928 trii
453 881 594 930 sensum
612 860 802 950 unicuique
817 859 925 940 dedit,
940 880 1010 949 qua
1026 858 1163 927 ratione
1181 859 1289 928 etiam
1308 859 1424 952 legem

369 975 496 1065 judicii
525 974 651 1066 posuit.
704 973 857 1043 Peoeare
877 981 1038 1043 nostrum
1061 981 1127 1054 est,
1145 982 1187 1041 ut
1209 980 1329 1042 autem
1353 995 1424 1043 non

376 1109 573 1178 peccemus,
591 1087 661 1157 Dei
687 1087 819 1157 donum
842 1096 970 1166 estex
996 1085 1152 1177 eoquod
1181 1086 1216 1153 in
1242 1095 1363 1156 nostro
1379 1087 1426 1156 sit

376 1203 521 1274 arbitrio
538 1204 772 1272 constitutum
799 1224 955 1295 peccare,
973 1201 1030 1270 rel
1049 1223 1120 1270 non
1138 1223 1306 1292 peccare;
1333 1202 1425 1272 sicut

376 1319 485 1389 etiam
510 1328 550 1387 tu
574 1318 650 1388 sine
672 1318 779 1388 dubio
807 1320 910 1400 nosti,
934 1340 956 1387 o
980 1315 1119 1396 Manes,
1146 1317 1175 1386 si
1199 1325 1319 1386 tamen
1343 1340 1426 1387 con-

376 1455 526 1528 gregans
542 1434 580 1503 in
596 1454 708 1503 unum
726 1432 915 1526 discipulos
933 1443 1024 1512 tuos,
1041 1441 1103 1501 iet
1119 1452 1180 1500 eos
1197 1453 1426 1504 commonens

377 1570 423 1617 ne
448 1546 667 1639 delinquant,
694 1570 785 1617 neve
810 1547 942 1639 aliquid
968 1547 1098 1638 injuste
1123 1555 1259 1639 gerant,
1284 1547 1424 1637 1judicii

377 1664 495 1759 legem
515 1667 754 1757 unnsquisque
771 1686 894 1735 eorum
915 1665 1026 1756 possit
1049 1663 1210 1733 eradere.
1262 1662 1311 1732 Et
1329 1673 1425 1733 certe

377 1782 438 1873 qui
456 1779 642 1859 voluerint,
661 1778 849 1850 observant
869 1780 1047 1860 mandata,
1064 1779 1124 1869 qui
1142 1800 1226 1848 rero
1244 1789 1426 1873 contemp

377 1898 499 1978 serint,
517 1904 554 1965 et
576 1896 611 1963 in
638 1916 840 1986 perversum
862 1893 1127 1975 declinaverint,
1145 1894 1219 1963 sine
1244 1894 1352 1965 dubio
1376 1894 1426 1966 le·

376 2034 459 2106 gem
478 2010 604 2102 judicii
631 2009 756 2080 ferent.
810 2010 868 2080 Ex
891 2010 960 2080 hoe
986 2011 1095 2079 etiam
1120 2008 1325 2102 angelorum
1350 2013 1426 2103 qui-

377 2129 471 2207 dam,
488 2126 655 2195 mandato
672 2125 742 2195 Dei
768 2148 840 2196 non
865 2126 1008 2205 subditi,
1028 2125 1202 2194 voluntati
1225 2127 1300 2216 ejus
1325 2129 1426 2198 resti-

377 2250 509 2322 terunt,
527 2247 565 2309 et
587 2239 714 2331 aliquis
732 2241 878 2331 quidem
903 2239 948 2310 de
974 2238 1073 2318 caelo,
1098 2246 1281 2330 'tanquam
1307 2239 1426 2335 fulgur

377 2355 478 2448 iguis,
506 2354 634 2424 cecidit
664 2364 935 2447 superterram,
967 2354 1027 2424 alii
1056 2376 1139 2424 vero
1168 2355 1223 2423 ³in
1254 2355 1425 2427 felicitate

378 2467 581 2538 rhominum
606 2467 745 2539 filiabus
773 2469 933 2548 admixti,
956 2491 979 2538 a
1002 2468 1152 2537 dracone
1177 2465 1308 2548 afflicti,
1335 2468 1425 2560 ignis

418 2672 434 2717 ‘t
451 2662 497 2719 Ita
510 2662 714 2720 restituendam
731 2664 892 2720 censuimus
907 2663 1053 2739 depravati
1071 2661 1177 2718 codicis
1192 2662 1355 2719 Casinensis
1368 2662 1424 2720 lec-

377 2760 495 2823 tionem,
510 2758 607 2833 inquo
621 2760 662 2817 sic
677 2760 818 2827 scribitur,
833 2770 859 2816 et
873 2762 1018 2817 ommissis
1032 2780 1073 2823 ue,
1084 2766 1130 2820 dc.
1146 2758 1199 2815 nisi
1214 2758 1276 2832 quis
1287 2759 1425 2827 maluerit,

379 2856 568 2913 maturamus.

418 2964 432 2995 r
445 2952 490 3010 Eu
505 2953 577 3009 alter
585 2951 715 3011 Archelai
728 2953 816 3019 locus,
826 2973 862 3010 ex
874 2972 930 3027 quo
941 2953 970 3009 id
983 2954 1058 3028 quod
1068 2956 1097 3011 in
1109 2958 1279 3032 praecedenti
1291 2958 1381 3032 capite
1392 2956 1427 3013 de

378 3050 568 3108 Hebraeorum
589 3049 768 3123 opinionibus
782 3070 799 3107 a
812 3050 961 3125 primitivae
983 3051 1116 3111 Ecclesiae
1138 3055 1268 3112 Patribus
1285 3054 1428 3111 interdum

374 3146 566 3223 propagastis
591 3147 724 3215 diximus,
753 3157 850 3222 aperte
878 3149 1071 3206 confirmatur.
1114 3152 1200 3221 Quod
1223 3153 1297 3209 enim
1325 3153 1372 3210 hic
1393 3153 1428 3210 de

378 3246 500 3321 Angelis
529 3264 594 3302 curn
620 3246 744 3303 foeminis
772 3247 1035 3311 concumbentibus,
1063 3250 1150 3307 tradit
1175 3251 1341 3315 Archelaus,
1367 3253 1429 3325 jam

380 3362 468 3418 usqne
497 3363 515 3399 a
543 3343 669 3399 Philonis
700 3343 825 3407 Hebraei,
854 3353 883 3399 et
910 3344 1028 3419 Josephi
1064 3347 1238 3422 temporibus
1265 3348 1429 3406 Judaeorum

378 3439 475 3514 opinio
489 3448 543 3504 est,
558 3458 642 3513 quam
656 3438 740 3495 etiam
759 3451 916 3512 sequuntur
929 3440 1128 3509 Tertullianus,
1142 3443 1281 3509 Justinus,
1297 3445 1430 3503 Clemens

379 3536 600 3600 Alexandrinus,
625 3535 836 3612 Athenagoras,
860 3534 1037 3603 Methodius,
1061 3539 1229 3615 Cyprianus,
1253 3541 1428 3607 Lactantius,

379 3642 411 3690 ut
424 3633 483 3689 late
503 3632 606 3707 probat
622 3631 761 3688 Pamelins
782 3632 811 3688 in
824 3632 990 3690 Tertulliani
1012 3635 1159 3694 Paradoxo
1178 3656 1202 3693 1.
1224 3647 1254 3694 et
1268 3638 1427 3696 Ferarden-

379 3730 436 3786 tius
449 3730 479 3785 in
493 3729 570 3785 uotis
583 3729 620 3785 ad
633 3728 773 3786 Irenaeum
787 3730 914 3804 ejusdem
929 3731 1070 3805 opinionis
1090 3736 1225 3791 asseclam
1248 3734 1295 3791 lib.
1311 3736 1347 3791 iv.
1365 3752 1426 3810 cap.

382 3845 430 3899 70.
454 3826 567 3882 Horum
581 3834 676 3883 tamen
692 3827 806 3883 Petrum
821 3828 948 3883 nonnulli
963 3828 1082 3886 bonose
1097 3832 1177 3888 malis
1192 3833 1310 3905 Angelis
1326 3833 1426 3908 decep·

380 3932 434 3992 tos,
459 3923 587 3980 nonnulli
610 3924 699 3980 malos
721 3924 849 3999 Angelos
868 3944 933 3981 cum
956 3926 1104 3983 hominum
1126 3929 1236 3985 filiabus
1260 3930 1428 3987 commixtos

381 4017 465 4075 luisse
487 4019 649 4083 crediderc;
672 4019 722 4076 sed
743 4028 880 4094 utranque
895 4021 1055 4096 opinionem
1076 4027 1218 4081 communi
1239 4026 1347 4082 calculo
1361 4027 1426 4101 reji-

382 4116 458 4171 ciunt
474 4116 521 4172 alii
537 4117 644 4181 Patres,
656 4125 684 4173 et
696 4117 865 4173 recentiores
875 4137 973 4175 omnes
986 4139 1072 4176 sacrae
1084 4121 1236 4195 Scripturas
1248 4123 1426 4196 interpretes,

383 4231 501 4285 quorum
525 4214 685 4288 catalogum
707 4223 813 4278 texere,
829 4235 892 4271 cum
914 4236 959 4273 res
976 4218 1170 4292 vulgatissima
1192 4220 1236 4281 sit,
1259 4221 1426 4294 praetermit-

384 4309 478 4367 timus.

427 4412 432 4434 ¹
452 4408 532 4480 [For.
549 4417 581 4464 ut
591 4409 715 4482 judicii]
795 4414 803 4436 ¹
819 4409 886 4466 Luc.
905 4430 929 4466 x.
946 4412 990 4467 18.
1067 4418 1075 4447 ³
1093 4414 1145 4485 [H.
1161 4431 1185 4470 e.
1202 4414 1293 4470 adhuc
1308 4413 1336 4470 in
1351 4423 1427 4471 statu

387 4503 457 4561 felici
472 4505 665 4579 exsistentes]
