3900 5167
448 455 493 522 94
679 450 934 517 ARCHELAI
958 450 1024 514 ET
1050 449 1266 514 MANETIS

449 635 566 698 stante
583 635 685 697 terrae
702 647 856 719 corpore,
878 625 1126 718 superducitur
1149 624 1285 708 umbra,
1301 646 1382 717 quoe
1396 647 1442 697 ex
1457 646 1491 696 se

449 742 558 813 efficit
592 742 765 824 tenebras,
793 762 977 833 usquequo
1011 761 1161 821 rursum,
1190 740 1366 812 inferioris
1393 741 1492 834 spatii

449 881 554 931 cursu
576 868 805 951 pernoctem
834 865 1022 939 trausacto,
1048 857 1094 928 ad
1123 858 1298 929 orientem
1328 858 1492 941 revolvat.

449 985 557 1068 atque
585 976 622 1045 in
652 974 739 1046 locis
768 974 881 1045 solitis
910 973 1057 1045 obortus
1088 982 1269 1067 appareat.
1320 971 1389 1046 Est
1414 997 1494 1070 ergo

449 1090 591 1173 umbrae,
614 1099 723 1183 atque
747 1090 861 1161 noctis
886 1112 992 1161 causa
1013 1090 1168 1183 corporis
1197 1099 1301 1162 terrac
1329 1091 1494 1174 soliditas

450 1208 545 1299 quod
570 1207 679 1278 etiam
705 1202 767 1277 ¹ex
792 1206 922 1277 suimet
947 1207 1056 1299 ipsius
1082 1206 1209 1278 umbra
1234 1205 1343 1277 bomo
1369 1206 1497 1278 intelli·

448 1347 533 1417 gere
559 1330 689 1416 potest.
740 1320 837 1393 Ante
867 1321 997 1393 caelnm
1023 1322 1130 1405 onim,
1156 1336 1195 1393 et
1224 1331 1366 1407 terram,
1391 1333 1496 1417 atque

449 1462 572 1510 omues
596 1440 681 1509 istus
706 1459 890 1531 corporeas
915 1447 1095 1510 creaturas
1118 1437 1323 1510 indeficiens
1343 1437 1408 1510 lux
1424 1462 1497 1511 ma·

449 1555 566 1636 nebat,
584 1576 665 1625 cum
692 1552 830 1624 nullum
856 1576 984 1648 corpus
1008 1554 1188 1637 existeret,
1214 1555 1309 1646 quod
1335 1556 1495 1628 umbram

449 1672 503 1743 sui
526 1669 725 1762 objectione
749 1679 945 1763 generaret,
962 1679 1002 1741 et
1025 1670 1106 1741 ideo
1123 1692 1299 1763 nusquam
1323 1670 1495 1756 tenebras,

449 1808 622 1879 nusquam
648 1793 791 1856 noctem
817 1785 926 1857 fuisse
952 1786 1191 1879 profitendum
1216 1800 1282 1857 est.
1333 1786 1432 1859 Nam
1457 1790 1495 1871 si,

449 1900 547 1972 verbi
576 1899 698 1993 gratia,
726 1898 866 1991 placeat
893 1901 936 1982 ei,
964 1899 1024 1971 cui
1057 1908 1214 1993 potestas
1241 1909 1298 1973 est
1327 1903 1496 1987 omnium,

449 2016 590 2110 plagam
607 2037 686 2107 quae
709 2014 754 2085 ad
780 2037 943 2086 occasum
961 2025 1026 2098 est,
1044 2016 1182 2087 auferre
1199 2016 1244 2087 de
1260 2017 1404 2103 medi03
1427 2041 1497 2091 non

450 2140 579 2226 agente
605 2130 679 2201 sole
703 2130 748 2201 ad
774 2115 873 2201 illam
898 2139 1037 2223 partem
1056 2153 1210 2214 cursum,
1236 2154 1411 2225 nusquam
1435 2134 1496 2207 fist

450 2269 604 2341 vespera,
622 2256 685 2317 aut
702 2247 878 2328 tenebrae3
904 2248 967 2319 sed
994 2248 1062 2317 erit
1086 2246 1139 2318 sol
1165 2270 1305 2341 semper
1328 2249 1367 2319 in
1384 2273 1495 2334 cumn,

450 2380 517 2435 nec
546 2386 703 2457 unquam
733 2364 881 2445 occidet,
913 2372 951 2434 et
980 2364 1138 2434 medium
1163 2364 1238 2435 caeli
1272 2387 1379 2437 axem
1407 2388 1496 2461 pene

450 2502 589 2573 semper
617 2479 764 2562 tenebit,
789 2502 856 2550 nec
877 2479 1067 2572 aliquando
1091 2480 1231 2550 desinet
1252 2502 1433 2574 apparere,
1458 2490 1497 2554 et

450 2623 513 2693 por
537 2598 604 2670 hoc
630 2599 697 2669 erit
720 2599 901 2669 universus
924 2598 1019 2669 orbis
1043 2606 1217 2669 terrarum
1234 2597 1429 2672 clarissimo
1443 2600 1497 2672 lu·

450 2717 547 2786 minc
563 2714 729 2797 radiatus,
748 2738 794 2784 ex
811 2737 882 2806 quo
899 2737 966 2785 uec
988 2714 1062 2784 ulla
1078 2714 1154 2806 ejus
1178 2736 1259 2807 pars
1274 2715 1497 2789 obumbrabi-

452 2844 519 2917 tur,
553 2834 615 2904 sed
641 2833 801 2903 manebit
833 2833 968 2925 ubique
997 2833 1103 2903 unius
1136 2833 1279 2905 luminis
1307 2836 1496 2927 equalitas

451 2947 673 3020 Occidentali
698 2955 819 3017 autem
844 2947 948 3041 plaga
972 2956 1106 3018 statum
1131 2970 1235 3018 suum
1261 2959 1435 3034 servante,
1461 2959 1497 3021 et

451 3064 525 3135 sole
542 3085 684 3134 cursum
700 3085 805 3133 suum
822 3062 935 3133 tribus
947 3063 1071 3133 mundi
1089 3062 1249 3156 partibus
1265 3066 1496 3150 ministrante,

451 3178 487 3247 hi
506 3179 659 3271 quidem,
678 3180 739 3272 qui
756 3177 822 3249 sub
839 3178 913 3250 sole
930 3188 1024 3262 sunt,
1042 3179 1169 3250 clarius
1186 3180 1351 3250 videntur
1366 3181 1497 3253 illumi·

451 3295 536 3377 uari,
567 3295 617 3364 ita
641 3302 683 3363 ut
711 3316 803 3387 pene
828 3294 989 3377 dixerim,
1016 3295 1272 3366 dormientibus
1298 3295 1415 3368 adhuc
1444 3297 1496 3379 iis,

452 3413 512 3503 qui
530 3434 550 3482 e
568 3411 704 3481 diversa
720 3410 824 3505 plaga
840 3411 1047 3493 consistunt,
1065 3412 1125 3481 isti
1151 3412 1284 3504 priores
1301 3413 1373 3483 diei
1396 3435 1498 3484 exor-

452 3528 550 3597 dium
568 3536 719 3598 sumant.
771 3527 873 3598 Sicut
890 3523 1036 3598 autemk
1054 3536 1137 3598 ante
1160 3550 1230 3610 eos,
1248 3528 1308 3619 qui
1333 3529 1371 3598 in
1397 3539 1496 3622 porte

452 3645 598 3715 occidua
616 3646 747 3736 Jacent,
766 3644 835 3714 illis
859 3644 980 3713 lumen
997 3645 1166 3727 exoritur,
1184 3645 1236 3713 ita
1253 3643 1410 3717 velocius
1437 3646 1498 3717 ob-

451 3769 620 3843 scuratur,
639 3769 676 3830 et
693 3760 758 3829 soli
775 3760 943 3841 omnium,
961 3761 1020 3852 qui
1039 3761 1075 3830 in
1094 3761 1187 3831 orbis
1203 3760 1398 3832 medietate
1415 3786 1498 3833 con·

452 3878 591 3960 sistunt,
622 3876 864 3969 aequalitatem
899 3898 1039 3967 semper
1066 3877 1225 3946 sentiunt
1254 3874 1351 3948 lucis.
1403 3878 1496 3950 Cum

452 3994 548 4063 enim
573 3994 731 4063 medium
756 3992 808 4063 sol
834 3993 990 4062 tenuerit
1009 3992 1148 4075 caelum,
1167 3991 1284 4062 nullus
1310 4002 1366 4064 est
1387 3993 1496 4077 locus,

453 4110 512 4201 qui
538 4119 600 4180 aut
629 4109 786 4190 lucidior,
818 4117 880 4178 aut
910 4109 1090 4180 obscurior
1119 4130 1196 4179 esse
1228 4109 1408 4195 videatur3
1434 4113 1495 4183 sed

494 4304 501 4346 ἰ
523 4307 567 4363 lta
577 4305 788 4363 emendavimus
802 4304 937 4379 scriptum
952 4305 1088 4371 codicem,
1104 4303 1150 4379 qui
1173 4305 1306 4373 habebat.
1321 4317 1398 4365 eruet
1411 4309 1495 4384 maias

452 4404 554 4460 umbro.
718 4399 734 4443 ¹¹
752 4402 811 4474 [An
826 4403 936 4477 legend.
947 4403 1005 4459 sole
1018 4404 1130 4461 adeunte
1139 4404 1168 4477 .⁹]
