3900 5167
747 1435 1187 1541 ANONYMI

850 1703 1094 1785 urana

494 1950 621 2071 DE
672 1948 1446 2076 REBAPTISMATE.

835 2249 1112 2291 -ψ-

468 2469 660 2543 Nrcomos
685 2469 892 2540 Rroamos
912 2462 1049 2539 Obsco.
1069 2463 1119 2539 od
1136 2467 1176 2541 S.
1196 2464 1373 2565 Cypriani
1390 2467 1481 2565 Epi-

631 2590 747 2676 stulas,
764 2616 843 2687 pag.
862 2589 946 2663 126.
964 2592 1050 2663 edit.
1068 2590 1178 2663 Paris.
1198 2592 1307 2665 1648.

499 2741 560 2813 IN
583 2741 777 2835 exemplari
800 2740 1038 2812 vetustissimo
1056 2738 1094 2810 S.
1112 2738 1279 2835 Remigii,
1301 2750 1381 2835 post
1403 2741 1497 2814 hano

451 2859 636 2953 epistolam
658 2858 1018 2951 sequitur⁷1¹ractatus
1036 2856 1225 2952 Scriptoris
1246 2859 1413 2953 anonymi
1436 2860 1497 2951 qui

450 2976 616 3047 adversus
641 2973 868 3069 cyprianum,
893 2974 1044 3046 eandem
1070 2975 1344 3047 controversiam
1371 2974 1499 3068 dijudi-

450 3100 519 3162 cat.
570 3089 681 3161 Hunc
696 3114 780 3162 vero
796 3088 1012 3172 Tractatum,
1030 3110 1136 3180 quom
1159 3090 1197 3161 in
1219 3089 1297 3161 aliis
1319 3087 1499 3182 exempla·

450 3204 547 3275 ribus
571 3204 719 3275 inveniri
745 3225 851 3273 nemo
871 3202 1044 3275 hactenus
1070 3203 1236 3297 prodidit,
1261 3202 1397 3298 placuit
1421 3204 1500 3275 istis

452 3316 766 3390 Observationibns
782 3319 897 3400 inseri,
915 3318 998 3412 quia
1010 3319 1115 3389 variis
1131 3341 1237 3412 super
1252 3319 1319 3391 hoo
1333 3317 1499 3413 Cypriani

451 3437 627 3506 sententia
657 3434 908 3527 quaestionibus
937 3433 1117 3505 subtiliter
1145 3435 1357 3507 examinatis
1385 3434 1502 3507 multa

451 3552 612 3621 continet
631 3573 710 3643 quae
732 3551 776 3621 ad
794 3550 924 3621 veteris
942 3548 1110 3621 Ecclesia
1127 3548 1348 3643 disciplinam
1365 3550 1501 3624 faciunt

450 3666 663 3758 plurimum3
689 3675 738 3748 et,
760 3674 934 3757 qnantum
960 3686 1007 3734 ex
1033 3665 1189 3736 dictione
1214 3665 1500 3759 deprehenditur,

451 3780 619 3852 Auctoris
635 3788 690 3851 est
707 3781 752 3851 ab
769 3803 844 3851 aevo
860 3779 1070 3874 Cyprianioo
1088 3804 1211 3873 pamm
1229 3781 1402 3854 distantis.

500 3993 538 4063 A
557 3992 723 4066 FELLO
739 3996 783 4064 ad
800 3994 964 4065 editionis
981 4017 1053 4066 snae
1065 3992 1105 4068 S.
1118 3992 1294 4090 Cypriani
1307 3995 1441 4067 calcem
1459 3996 1500 4066 li-

452 4110 566 4182 bellus
591 4111 659 4179 iste
685 4132 730 4179 ex
754 4110 957 4204 Rigaltiana
979 4133 1070 4180 anno
1090 4110 1198 4182 1682.
1217 4133 1358 4183 recusus
1376 4120 1440 4194 est,
1459 4121 1501 4181 ut

446 4226 520 4317 jam
534 4226 650 4295 fuerat
660 4224 793 4295 factum
804 4225 910 4318 paulo
921 4236 1005 4296 ante
1015 4249 1036 4296 a
1048 4226 1201 4297 Labboeo
1214 4228 1250 4297 in
1264 4223 1501 4299 Conciliorum

452 4341 564 4411 Tomo
582 4340 714 4421 Primo,
734 4340 801 4412 hac
822 4341 943 4412 addita
964 4342 1219 4426 observatione,
1238 4343 1379 4413 “tribui
1397 4342 1502 4413 Trac-

935 4475 954 4515 o
970 4477 990 4516 0
1009 4472 1025 4516 2
