3900 5167
587 455 831 519 RESPONSA
855 455 921 517 AD
945 454 1209 519 EPISCOPOS.
1353 454 1417 521 259

370 637 502 710 torum,
519 628 548 697 si
570 627 796 719 baptizantur
821 629 950 697 iterum
976 628 1129 719 perversi
1156 635 1193 696 et
1218 625 1337 708 invidi,
1356 626 1417 717 qui

370 765 454 813 oum
472 742 601 813 saeculo
618 744 732 813 verbis
749 752 786 812 et
808 765 879 812 nou
896 743 999 812 factis
1016 743 1269 821 renuntiarent,
1287 740 1418 832 baptis-

370 880 472 927 mum
499 858 643 949 quidem
669 858 829 949 accipere
857 866 1061 949 potuemnt‚
1086 857 1147 927 sed
1178 857 1421 926 remissionem

370 982 598 1064 peccatorum
633 996 703 1042 uon
735 973 975 1054 obtinuerunt,
1007 971 1148 1041 dicente
1183 970 1347 1052 Domino,
1378 968 1558 1038 sinuum.

372 1107 443 1154 uon
461 1083 674 1168 dimiseritis,
692 1108 806 1176 neque
825 1084 931 1154 Pater
947 1094 1065 1154 vester
1081 1083 1242 1153 dimittet
1258 1082 1366 1152 vobis.
1428 1055 1466 1107 ¹⁵'

422 1202 573 1273 Jambus
597 1226 619 1274 a
644 1203 915 1274 Germaniciana
940 1204 1051 1273 dixit:
1082 1201 1153 1291 Qui
1181 1199 1417 1271 hereticorum
1429 1217 1492 1268 cn.
1501 1215 1524 1265 s.

372 1316 576 1412 baptismum
588 1318 747 1413 produnt,
765 1329 918 1391 nostrum
941 1317 1135 1413 improbant
1144 1342 1156 1397 ,·
1182 1327 1220 1388 ut
1236 1326 1335 1388 eetrc
1351 1315 1427 1388 Ec:

373 1431 522 1515 clerium,
552 1456 621 1504 uon
651 1432 765 1504 dicum
795 1432 977 1518 deceased
1004 1431 1209 1517 sordidator,
1234 1441 1353 1530 necent
1383 1432 1425 1502 iu

373 1544 530 1617 Ecclesia
546 1545 720 1642 baptizari
736 1556 899 1642 oportere.

425 1662 522 1733 Huic
547 1663 789 1756 respondetur,
815 1666 993 1735 nemiuem
1020 1663 1180 1734 nostrum
1206 1666 1421 1756 baptismum

373 1777 622 1848 haereticorum
647 1780 808 1871 probare,
830 1779 891 1850 sed
909 1779 1053 1860 Christi,
1071 1781 1229 1871 quamvis
1254 1781 1290 1849 in
1316 1779 1425 1849 haere-

375 1895 454 1964 ticis
474 1894 573 1965 velut
600 1894 710 1987 paleis
737 1896 981 1978 exterioribus,
1005 1896 1098 1966 sicut
1127 1897 1164 1965 in
1192 1895 1269 1965 aliis
1296 1896 1425 1986 iniquis

374 2010 473 2081 velut
501 2010 611 2102 paleis
636 2011 870 2082 interioribus.
923 2010 1018 2081 Nam
1047 2011 1074 2080 si
1102 2019 1204 2081 extra
1228 2010 1424 2081 Ecclesiam

375 2128 434 2217 qui
453 2127 690 2218 baptizantur,
708 2150 779 2196 uon
800 2126 972 2208 lavantur,
991 2125 1053 2195 sed
1078 2125 1320 2209 sordidantur;
1347 2148 1427 2217 pro·

377 2241 470 2311 fecto
496 2250 598 2310 extra
625 2251 774 2332 petram,
802 2242 838 2310 in
866 2263 936 2331 qua
963 2240 1156 2311 edificetur
1178 2241 1347 2323 Ecclesia,
1365 2242 1426 2332 qui

375 2357 611 2448 baptizantur,
630 2377 700 2425 non
726 2355 900 2439 lavantur,
918 2356 979 2426 sed
1006 2357 1240 2427 sordidantur.
1291 2354 1427 2427 Omnes

376 2483 497 2543 autem
514 2479 617 2541 extra
634 2471 796 2541 eamdem
814 2481 953 2563 petram
971 2482 1065 2554 sunt,
1079 2472 1139 2562 qui
1157 2472 1307 2542 audiunt
1321 2470 1429 2541 verba

378 2587 507 2657 Christi
534 2593 572 2656 et
602 2610 674 2656 non
699 2587 846 2657 faciunt.
897 2586 976 2657 Aut
1004 2589 1031 2659 si
1060 2588 1236 2678 baptismo
1266 2587 1430 2657 lavantur

377 2701 533 2793 quidem,
551 2701 612 2770 sed
639 2702 675 2770 in
702 2702 947 2792 iniquitatibus
978 2699 1061 2783 s'uis,
1086 2725 1108 2771 a
1135 2702 1263 2792 quibus
1291 2702 1327 2770 iu
1354 2724 1428 2772 me-

378 2817 446 2887 lius
468 2818 599 2887 mutari
618 2816 818 2898 noluerunt,
836 2816 966 2886 sordidi
991 2826 1195 2887 remanent:
1222 2818 1271 2887 sio
1297 2826 1334 2886 et
1359 2817 1430 2887 hae·

379 2934 493 3004 retici.

430 3048 608 3118 Lucienus
632 3071 654 3119 a
678 3048 842 3120 Rucuma
868 3049 979 3121 dixit:
1005 3048 1184 3143 Scriptum
1201 3056 1260 3131 est,
1276 3047 1327 3119 Et
1342 3046 1503 3121 viditur».
1517 3082 1540 3131 t·

378 3161 476 3234 Deus
505 3162 612 3234 lucem
639 3165 721 3259 quic
750 3163 837 3235 bena
863 3174 923 3251 ecl,
946 3173 979 3235 et
1007 3164 1127 3236 divisit
1156 3163 1371 3236 interlucere
1400 3154 1502 3236 σιω·
1513 3153 1530 3201 ¹·
1540 3167 1565 3213 ⁴·

379 3277 541 3350 tenebras.
592 3278 637 3351 Si
662 3287 772 3373 potest
797 3279 867 3350 luci
892 3288 924 3350 et
949 3278 1093 3349 tenebris
1119 3279 1308 3362 conuenire,
1320 3287 1432 3373 potest

379 3392 476 3465 nobie
500 3402 533 3465 et
556 3391 727 3465 hereticis
752 3393 889 3489 aliquid
909 3419 979 3466 esse
1004 3418 1188 3492 commune.
1240 3394 1432 3489 Propterea

380 3534 497 3581 censeo
513 3508 692 3581 hereticos
708 3508 933 3605 baptizandos
951 3535 1030 3581 csse.

432 3625 529 3695 Huic
546 3627 797 3718 respondetur:
825 3626 864 3696 Si
887 3636 1005 3719 potest
1029 3626 1098 3696 luci
1122 3634 1160 3695 et
1178 3628 1333 3697 tenebris
1350 3649 1435 3697 con-

381 3742 511 3821 venire,
523 3750 641 3833 potest
651 3742 758 3834 justis
775 3754 814 3811 et
830 3743 969 3834 injustis
985 3741 1119 3834 aliquid
1138 3764 1214 3813 esse
1231 3765 1436 3813 commune.

381 3856 535 3927 Censeat
561 3880 645 3950 ergo
671 3856 751 3927 illos
775 3858 925 3949 injustos
951 3858 1068 3927 denuo
1091 3856 1273 3949 baptisari,
1292 3880 1379 3948 quos
1396 3859 1434 3927 in

381 3974 457 4063 ipse
483 3971 642 4041 Ecclesia
668 3969 862 4064 Cyprianus
887 3971 1081 4065 arguebat:
1105 3981 1168 4042 aut
1194 3974 1222 4042 si
1249 3995 1320 4042 non
1351 3983 1432 4043 suut

382 4087 505 4179 injusti
536 4089 596 4178 qui
627 4087 754 4157 saeculo
780 4088 896 4157 verbis
921 4097 959 4157 et
987 4110 1058 4156 uon
1086 4086 1190 4156 factis
1217 4088 1435 4172 renuntiant,

384 4202 496 4273 ¹dicat
513 4205 573 4293 qui
592 4213 721 4295 potest.

586 4398 595 4422 ¹
614 4392 859 4465 [Subaudiendum
874 4392 995 4456 videtur,
1011 4392 1123 4466 quinam
1141 4392 1224 4465 sint]

868 4486 910 4549 nl
928 4505 945 4550 2
