<?xml version="1.0" encoding="UTF-8"?>
<!DOCTYPE html PUBLIC "-//W3C//DTD XHTML 1.0 Transitional//EN"
    "http://www.w3.org/TR/xhtml1/DTD/xhtml1-transitional.dtd">
<html xmlns="http://www.w3.org/1999/xhtml" xml:lang="en" lang="en">
 <head>
  <title>
</title>
<meta http-equiv="Content-Type" content="text/html;charset=utf-8" />
  <meta name='ocr-system' content='tesseract 3.04.00' />
  <meta name='ocr-capabilities' content='ocr_page ocr_carea ocr_par ocr_line ocrx_word'/>
</head>
<body>
  <div class='ocr_page' id='page_1' title='image "./reliquiaesacrae05routgoog_0156.png"; bbox 0 0 3900 5167; ppageno 0'>
   <div class='ocr_carea' id='block_1_1' title="bbox 534 452 1362 519">
    <p class='ocr_par' dir='ltr' id='par_1_1' title="bbox 534 452 1362 519">
     <span class='ocr_line' id='line_1_1' title="bbox 534 452 1362 519; baseline -0.004 0"><span class='ocrx_word' id='word_1_1' title='bbox 534 458 598 519; x_wconf 72' lang='lat'>144</span> <span class='ocrx_word' id='word_1_2' title='bbox 758 454 1013 518; x_wconf 85' lang='lat' dir='ltr'>ARCHELAI</span> <span class='ocrx_word' id='word_1_3' title='bbox 1044 454 1109 517; x_wconf 89' lang='grc' dir='ltr'>ΕΤ</span> <span class='ocrx_word' id='word_1_4' title='bbox 1141 452 1362 518; x_wconf 82' lang='lat' dir='ltr'>MANETIS</span> 
     </span>
    </p>
   </div>
   <div class='ocr_carea' id='block_1_2' title="bbox 531 625 1584 3603">
    <p class='ocr_par' dir='ltr' id='par_1_2' title="bbox 531 625 1584 3603">
     <span class='ocr_line' id='line_1_2' title="bbox 533 625 1574 720; baseline -0.003 -22"><span class='ocrx_word' id='word_1_5' title='bbox 533 629 627 720; x_wconf 93' lang='lat' dir='ltr'>quod</span> <span class='ocrx_word' id='word_1_6' title='bbox 654 629 702 698; x_wconf 91' lang='lat' dir='ltr'>ibi</span> <span class='ocrx_word' id='word_1_7' title='bbox 730 627 860 698; x_wconf 83' lang='lat' dir='ltr'><strong>dixerit</strong></span> <span class='ocrx_word' id='word_1_8' title='bbox 883 626 992 707; x_wconf 83' lang='lat' dir='ltr'>Deus,</span> <span class='ocrx_word' id='word_1_9' title='bbox 1016 625 1110 719; x_wconf 84' lang='lat' dir='ltr'><strong>¹Eg0</strong></span> <span class='ocrx_word' id='word_1_10' title='bbox 1140 626 1297 707; x_wconf 82' lang='lat' dir='ltr'>divitem,</span> <span class='ocrx_word' id='word_1_11' title='bbox 1320 635 1358 694; x_wconf 88' lang='lat' dir='ltr'>et</span> <span class='ocrx_word' id='word_1_12' title='bbox 1389 648 1574 717; x_wconf 74' lang='lat' dir='ltr'>pauperem</span> 
     </span>
     <span class='ocr_line' id='line_1_3' title="bbox 533 739 1575 833; baseline -0.004 -21"><span class='ocrx_word' id='word_1_13' title='bbox 533 744 645 825; x_wconf 86' lang='lat' dir='ltr'>faoio;</span> <span class='ocrx_word' id='word_1_14' title='bbox 670 743 728 813; x_wconf 93' lang='lat' dir='ltr'>hio</span> <span class='ocrx_word' id='word_1_15' title='bbox 748 766 830 813; x_wconf 85' lang='lat' dir='ltr'>vero</span> <span class='ocrx_word' id='word_1_16' title='bbox 847 742 953 813; x_wconf 82' lang='lat' dir='ltr'>Jesus</span> <span class='ocrx_word' id='word_1_17' title='bbox 975 742 1098 812; x_wconf 88' lang='lat' dir='ltr'>beatos</span> <span class='ocrx_word' id='word_1_18' title='bbox 1121 743 1255 812; x_wconf 91' lang='lat' dir='ltr'>dioeret</span> <span class='ocrx_word' id='word_1_19' title='bbox 1272 763 1456 833; x_wconf 87' lang='lat' dir='ltr'>pauperes.</span> <span class='ocrx_word' id='word_1_20' title='bbox 1484 739 1575 815; x_wconf 76' lang='lat' dir='ltr'>Ad·</span> 
     </span>
     <span class='ocr_line' id='line_1_4' title="bbox 532 855 1577 949; baseline -0.001 -23"><span class='ocrx_word' id='word_1_21' title='bbox 532 857 639 927; x_wconf 88' lang='lat' dir='ltr'>debat</span> <span class='ocrx_word' id='word_1_22' title='bbox 662 858 783 941; x_wconf 85' lang='lat' dir='ltr'>etiam,</span> <span class='ocrx_word' id='word_1_23' title='bbox 801 858 894 949; x_wconf 91' lang='lat' dir='ltr'>qnod</span> <span class='ocrx_word' id='word_1_24' title='bbox 918 880 1024 927; x_wconf 89' lang='lat' dir='ltr'>nemo</span> <span class='ocrx_word' id='word_1_25' title='bbox 1046 857 1154 948; x_wconf 83' lang='lat' dir='ltr'><strong>possit</strong></span> <span class='ocrx_word' id='word_1_26' title='bbox 1175 857 1252 947; x_wconf 88' lang='lat' dir='ltr'>ejus</span> <span class='ocrx_word' id='word_1_27' title='bbox 1277 878 1353 925; x_wconf 87' lang='lat' dir='ltr'>esse</span> <span class='ocrx_word' id='word_1_28' title='bbox 1379 855 1577 947; x_wconf 84' lang='lat' dir='ltr'>discipulus,</span> 
     </span>
     <span class='ocr_line' id='line_1_5' title="bbox 532 972 1578 1065; baseline -0.001 -22"><span class='ocrx_word' id='word_1_29' title='bbox 532 975 598 1043; x_wconf 87' lang='lat' dir='ltr'>nisi</span> <span class='ocrx_word' id='word_1_30' title='bbox 632 975 853 1043; x_wconf 81' lang='lat' dir='ltr'>renuntiaret</span> <span class='ocrx_word' id='word_1_31' title='bbox 886 974 1061 1054; x_wconf 88' lang='lat' dir='ltr'>omuibus,</span> <span class='ocrx_word' id='word_1_32' title='bbox 1092 996 1169 1065; x_wconf 84' lang='lat' dir='ltr'>quae</span> <span class='ocrx_word' id='word_1_33' title='bbox 1203 972 1370 1042; x_wconf 84' lang='lat' dir='ltr'>haberet:</span> <span class='ocrx_word' id='word_1_34' title='bbox 1398 972 1466 1042; x_wconf 82' lang='lat' dir='ltr'>&#39;ibi</span> <span class='ocrx_word' id='word_1_35' title='bbox 1484 973 1578 1060; x_wconf 65' lang='lat' dir='ltr'>{vero</span> 
     </span>
     <span class='ocr_line' id='line_1_6' title="bbox 534 1087 1578 1181; baseline 0.001 -24"><span class='ocrx_word' id='word_1_36' title='bbox 534 1087 690 1181; x_wconf 87' lang='lat' dir='ltr'>Moyses,</span> <span class='ocrx_word' id='word_1_37' title='bbox 716 1097 901 1181; x_wconf 88' lang='lat' dir='ltr'>argentum</span> <span class='ocrx_word' id='word_1_38' title='bbox 934 1097 971 1157; x_wconf 88' lang='lat' dir='ltr'>et</span> <span class='ocrx_word' id='word_1_39' title='bbox 997 1111 1120 1158; x_wconf 89' lang='lat' dir='ltr'>aurum</span> <span class='ocrx_word' id='word_1_40' title='bbox 1152 1089 1197 1157; x_wconf 93' lang='lat' dir='ltr'>ab</span> <span class='ocrx_word' id='word_1_41' title='bbox 1223 1088 1400 1181; x_wconf 77' lang='lat' dir='ltr'>AEgyptiis</span> <span class='ocrx_word' id='word_1_42' title='bbox 1430 1109 1578 1166; x_wconf 85' lang='lat' dir='ltr'>sumens.</span> 
     </span>
     <span class='ocr_line' id='line_1_7' title="bbox 532 1200 1581 1297; baseline -0.005 -23"><span class='ocrx_word' id='word_1_43' title='bbox 532 1228 613 1275; x_wconf 89' lang='lat' dir='ltr'>oum</span> <span class='ocrx_word' id='word_1_44' title='bbox 631 1204 781 1295; x_wconf 82' lang='lat' dir='ltr'>³populo</span> <span class='ocrx_word' id='word_1_45' title='bbox 799 1204 947 1297; x_wconf 81' lang='lat' dir='ltr'>fugisset</span> <span class='ocrx_word' id='word_1_46' title='bbox 969 1226 1015 1274; x_wconf 83' lang='lat' dir='ltr'>ex</span> <span class='ocrx_word' id='word_1_47' title='bbox 1033 1203 1208 1296; x_wconf 81' lang='lat' dir='ltr'>AEgypto:</span> <span class='ocrx_word' id='word_1_48' title='bbox 1234 1202 1340 1272; x_wconf 86' lang='lat' dir='ltr'>Jesas</span> <span class='ocrx_word' id='word_1_49' title='bbox 1355 1213 1478 1271; x_wconf 83' lang='lat' dir='ltr'>autern</span> <span class='ocrx_word' id='word_1_50' title='bbox 1498 1200 1581 1271; x_wconf 88' lang='lat' dir='ltr'>nihil</span> 
     </span>
     <span class='ocr_line' id='line_1_8' title="bbox 532 1315 1580 1412; baseline -0.004 -23"><span class='ocrx_word' id='word_1_51' title='bbox 532 1320 684 1412; x_wconf 85' lang='lat' dir='ltr'>proximi</span> <span class='ocrx_word' id='word_1_52' title='bbox 702 1318 973 1389; x_wconf 87' lang='lat' dir='ltr'>desiderandum</span> <span class='ocrx_word' id='word_1_53' title='bbox 992 1340 1068 1388; x_wconf 86' lang='lat' dir='ltr'>esse</span> <span class='ocrx_word' id='word_1_54' title='bbox 1085 1318 1261 1409; x_wconf 81' lang='lat' dir='ltr'>praecepit.</span> <span class='ocrx_word' id='word_1_55' title='bbox 1309 1315 1474 1387; x_wconf 88' lang='lat' dir='ltr'>⁴Deinde</span> <span class='ocrx_word' id='word_1_56' title='bbox 1490 1316 1580 1409; x_wconf 91' lang='lat' dir='ltr'>quod</span> 
     </span>
     <span class='ocr_line' id='line_1_9' title="bbox 532 1432 1582 1526; baseline -0.002 -23"><span class='ocrx_word' id='word_1_57' title='bbox 532 1435 594 1505; x_wconf 85' lang='lat' dir='ltr'>ilie</span> <span class='ocrx_word' id='word_1_58' title='bbox 623 1434 766 1504; x_wconf 83' lang='lat' dir='ltr'>oculum</span> <span class='ocrx_word' id='word_1_59' title='bbox 796 1457 859 1525; x_wconf 93' lang='lat' dir='ltr'>pro</span> <span class='ocrx_word' id='word_1_60' title='bbox 890 1434 1005 1517; x_wconf 89' lang='lat' dir='ltr'>ooulo,</span> <span class='ocrx_word' id='word_1_61' title='bbox 1031 1436 1174 1505; x_wconf 89' lang='lat' dir='ltr'>dentem</span> <span class='ocrx_word' id='word_1_62' title='bbox 1206 1456 1269 1525; x_wconf 91' lang='lat' dir='ltr'>pro</span> <span class='ocrx_word' id='word_1_63' title='bbox 1299 1433 1408 1503; x_wconf 85' lang='lat' dir='ltr'>dente</span> <span class='ocrx_word' id='word_1_64' title='bbox 1435 1433 1473 1501; x_wconf 92' lang='lat' dir='ltr'>in</span> <span class='ocrx_word' id='word_1_65' title='bbox 1507 1432 1582 1526; x_wconf 80' lang='lat' dir='ltr'>iege</span> 
     </span>
     <span class='ocr_line' id='line_1_10' title="bbox 533 1548 1581 1641; baseline -0.005 -21"><span class='ocrx_word' id='word_1_66' title='bbox 533 1551 683 1620; x_wconf 79' lang='lat' dir='ltr'>cavisset</span> <span class='ocrx_word' id='word_1_67' title='bbox 710 1549 885 1641; x_wconf 88' lang='lat' dir='ltr'>expendi;</span> <span class='ocrx_word' id='word_1_68' title='bbox 910 1559 1033 1619; x_wconf 89' lang='lat' dir='ltr'>noster</span> <span class='ocrx_word' id='word_1_69' title='bbox 1057 1572 1142 1619; x_wconf 85' lang='lat' dir='ltr'>vero</span> <span class='ocrx_word' id='word_1_70' title='bbox 1168 1548 1344 1620; x_wconf 88' lang='lat' dir='ltr'>Dominus</span> <span class='ocrx_word' id='word_1_71' title='bbox 1369 1549 1581 1639; x_wconf 82' lang='lat' dir='ltr'>pemutienti</span> 
     </span>
     <span class='ocr_line' id='line_1_11' title="bbox 533 1663 1581 1756; baseline -0.003 -21"><span class='ocrx_word' id='word_1_72' title='bbox 533 1689 638 1735; x_wconf 92' lang='lat' dir='ltr'>unam</span> <span class='ocrx_word' id='word_1_73' title='bbox 676 1663 867 1745; x_wconf 88' lang='lat' dir='ltr'>maxillam,</span> <span class='ocrx_word' id='word_1_74' title='bbox 890 1666 1037 1756; x_wconf 87' lang='lat' dir='ltr'>juberet</span> <span class='ocrx_word' id='word_1_75' title='bbox 1062 1666 1170 1735; x_wconf 87' lang='lat' dir='ltr'>etiam</span> <span class='ocrx_word' id='word_1_76' title='bbox 1201 1664 1347 1735; x_wconf 90' lang='lat' dir='ltr'>alteram</span> <span class='ocrx_word' id='word_1_77' title='bbox 1384 1666 1581 1756; x_wconf 73' lang='lat' dir='ltr'>praeparari.</span> 
     </span>
     <span class='ocr_line' id='line_1_12' title="bbox 534 1778 1581 1871; baseline -0.001 -22"><span class='ocrx_word' id='word_1_78' title='bbox 534 1780 657 1863; x_wconf 82' lang='lat' dir='ltr'>⁵Quod</span> <span class='ocrx_word' id='word_1_79' title='bbox 674 1781 722 1849; x_wconf 93' lang='lat' dir='ltr'>ibi</span> <span class='ocrx_word' id='word_1_80' title='bbox 741 1778 887 1871; x_wconf 84' lang='lat' dir='ltr'>Moyses</span> <span class='ocrx_word' id='word_1_81' title='bbox 904 1802 1000 1862; x_wconf 89' lang='lat' dir='ltr'>eum,</span> <span class='ocrx_word' id='word_1_82' title='bbox 1018 1780 1078 1871; x_wconf 93' lang='lat' dir='ltr'>qui</span> <span class='ocrx_word' id='word_1_83' title='bbox 1102 1780 1249 1850; x_wconf 87' lang='lat' dir='ltr'>sabbato</span> <span class='ocrx_word' id='word_1_84' title='bbox 1272 1803 1359 1871; x_wconf 92' lang='lat' dir='ltr'>opus</span> <span class='ocrx_word' id='word_1_85' title='bbox 1378 1780 1529 1858; x_wconf 72' lang='lat' dir='ltr'>fecisset</span> <span class='ocrx_word' id='word_1_86' title='bbox 1546 1790 1581 1848; x_wconf 88' lang='lat' dir='ltr'>et</span> 
     </span>
     <span class='ocr_line' id='line_1_13' title="bbox 533 1895 1581 1986; baseline 0 -23"><span class='ocrx_word' id='word_1_87' title='bbox 533 1918 602 1964; x_wconf 91' lang='lat' dir='ltr'>non</span> <span class='ocrx_word' id='word_1_88' title='bbox 633 1896 881 1985; x_wconf 82' lang='lat' dir='ltr'>permansisset</span> <span class='ocrx_word' id='word_1_89' title='bbox 911 1895 947 1963; x_wconf 90' lang='lat' dir='ltr'>in</span> <span class='ocrx_word' id='word_1_90' title='bbox 973 1895 1148 1975; x_wconf 90' lang='lat' dir='ltr'>omnibus,</span> <span class='ocrx_word' id='word_1_91' title='bbox 1174 1918 1252 1985; x_wconf 83' lang='lat' dir='ltr'>qum</span> <span class='ocrx_word' id='word_1_92' title='bbox 1281 1896 1412 1986; x_wconf 90' lang='lat' dir='ltr'>soripta</span> <span class='ocrx_word' id='word_1_93' title='bbox 1437 1905 1522 1964; x_wconf 89' lang='lat' dir='ltr'>sunt</span> <span class='ocrx_word' id='word_1_94' title='bbox 1546 1896 1581 1963; x_wconf 89' lang='lat' dir='ltr'>in</span> 
     </span>
     <span class='ocr_line' id='line_1_14' title="bbox 534 2009 1581 2103; baseline 0 -24"><span class='ocrx_word' id='word_1_95' title='bbox 534 2010 624 2103; x_wconf 85' lang='lat' dir='ltr'>lege,</span> <span class='ocrx_word' id='word_1_96' title='bbox 647 2010 774 2101; x_wconf 89' lang='lat' dir='ltr'>puniri,</span> <span class='ocrx_word' id='word_1_97' title='bbox 800 2009 1017 2102; x_wconf 86' lang='lat' dir='ltr'>lapidarique</span> <span class='ocrx_word' id='word_1_98' title='bbox 1047 2012 1224 2102; x_wconf 85' lang='lat' dir='ltr'>praeoepit,</span> <span class='ocrx_word' id='word_1_99' title='bbox 1246 2010 1337 2080; x_wconf 87' lang='lat' dir='ltr'>siout</span> <span class='ocrx_word' id='word_1_100' title='bbox 1363 2010 1500 2080; x_wconf 76' lang='lat' dir='ltr'>fastum</span> <span class='ocrx_word' id='word_1_101' title='bbox 1530 2020 1581 2080; x_wconf 85' lang='lat' dir='ltr'>est</span> 
     </span>
     <span class='ocr_line' id='line_1_15' title="bbox 533 2124 1580 2219; baseline 0.001 -25"><span class='ocrx_word' id='word_1_102' title='bbox 533 2127 578 2207; x_wconf 88' lang='lat' dir='ltr'>ei,</span> <span class='ocrx_word' id='word_1_103' title='bbox 596 2126 655 2217; x_wconf 88' lang='lat' dir='ltr'>qui</span> <span class='ocrx_word' id='word_1_104' title='bbox 674 2124 791 2193; x_wconf 89' lang='lat' dir='ltr'>adhuo</span> <span class='ocrx_word' id='word_1_105' title='bbox 813 2125 977 2217; x_wconf 84' lang='lat' dir='ltr'>ignorans</span> <span class='ocrx_word' id='word_1_106' title='bbox 998 2125 1034 2194; x_wconf 93' lang='lat' dir='ltr'>in</span> <span class='ocrx_word' id='word_1_107' title='bbox 1058 2126 1205 2195; x_wconf 86' lang='lat' dir='ltr'>sabbato</span> <span class='ocrx_word' id='word_1_108' title='bbox 1222 2126 1351 2196; x_wconf 80' lang='lat' dir='ltr'>fascem</span> <span class='ocrx_word' id='word_1_109' title='bbox 1371 2124 1458 2219; x_wconf 75' lang='lat' dir='ltr'>ligni</span> <span class='ocrx_word' id='word_1_110' title='bbox 1476 2126 1580 2197; x_wconf 77' lang='lat' dir='ltr'>oolle</span> 
     </span>
     <span class='ocr_line' id='line_1_16' title="bbox 531 2236 1581 2334; baseline 0.002 -25"><span class='ocrx_word' id='word_1_111' title='bbox 531 2249 653 2333; x_wconf 82' lang='lat' dir='ltr'>gerat3</span> <span class='ocrx_word' id='word_1_112' title='bbox 683 2236 804 2311; x_wconf 85' lang='lat' dir='ltr'>⁶Jesus</span> <span class='ocrx_word' id='word_1_113' title='bbox 821 2263 904 2310; x_wconf 85' lang='lat' dir='ltr'>vero</span> <span class='ocrx_word' id='word_1_114' title='bbox 927 2242 963 2310; x_wconf 91' lang='lat' dir='ltr'>in</span> <span class='ocrx_word' id='word_1_115' title='bbox 987 2242 1133 2312; x_wconf 88' lang='lat' dir='ltr'>sabbato</span> <span class='ocrx_word' id='word_1_116' title='bbox 1157 2242 1264 2311; x_wconf 85' lang='lat' dir='ltr'>etiam</span> <span class='ocrx_word' id='word_1_117' title='bbox 1289 2241 1424 2311; x_wconf 84' lang='lat' dir='ltr'>lectum</span> <span class='ocrx_word' id='word_1_118' title='bbox 1442 2253 1581 2334; x_wconf 89' lang='lat' dir='ltr'>portare</span> 
     </span>
     <span class='ocr_line' id='line_1_17' title="bbox 531 2355 1582 2448; baseline 0.004 -25"><span class='ocrx_word' id='word_1_119' title='bbox 531 2355 699 2446; x_wconf 85' lang='lat' dir='ltr'>praeoepit</span> <span class='ocrx_word' id='word_1_120' title='bbox 721 2378 742 2424; x_wconf 98' lang='lat' dir='ltr'>a</span> <span class='ocrx_word' id='word_1_121' title='bbox 766 2376 804 2424; x_wconf 91' lang='lat' dir='ltr'>se</span> <span class='ocrx_word' id='word_1_122' title='bbox 826 2363 969 2437; x_wconf 83' lang='lat' dir='ltr'>ourat03</span> <span class='ocrx_word' id='word_1_123' title='bbox 998 2356 1075 2425; x_wconf 74' lang='lat' dir='ltr'>⁷sed</span> <span class='ocrx_word' id='word_1_124' title='bbox 1100 2365 1138 2425; x_wconf 89' lang='lat' dir='ltr'>et</span> <span class='ocrx_word' id='word_1_125' title='bbox 1155 2357 1344 2448; x_wconf 80' lang='lat' dir='ltr'>discipulos</span> <span class='ocrx_word' id='word_1_126' title='bbox 1366 2358 1402 2425; x_wconf 91' lang='lat' dir='ltr'>in</span> <span class='ocrx_word' id='word_1_127' title='bbox 1427 2358 1486 2426; x_wconf 88' lang='lat' dir='ltr'>die</span> <span class='ocrx_word' id='word_1_128' title='bbox 1507 2358 1582 2427; x_wconf 85' lang='lat' dir='ltr'>sab·</span> 
     </span>
     <span class='ocr_line' id='line_1_18' title="bbox 533 2468 1582 2565; baseline 0.004 -27"><span class='ocrx_word' id='word_1_129' title='bbox 533 2469 607 2539; x_wconf 90' lang='lat' dir='ltr'>bati</span> <span class='ocrx_word' id='word_1_130' title='bbox 631 2468 761 2540; x_wconf 82' lang='lat' dir='ltr'>vellere</span> <span class='ocrx_word' id='word_1_131' title='bbox 787 2470 911 2560; x_wconf 85' lang='lat' dir='ltr'>spicas,</span> <span class='ocrx_word' id='word_1_132' title='bbox 934 2493 975 2540; x_wconf 90' lang='lat' dir='ltr'>ao</span> <span class='ocrx_word' id='word_1_133' title='bbox 1003 2472 1165 2541; x_wconf 89' lang='lat' dir='ltr'>manibus</span> <span class='ocrx_word' id='word_1_134' title='bbox 1191 2472 1382 2543; x_wconf 76' lang='lat' dir='ltr'>confricare</span> <span class='ocrx_word' id='word_1_135' title='bbox 1408 2496 1480 2542; x_wconf 94' lang='lat' dir='ltr'>non</span> <span class='ocrx_word' id='word_1_136' title='bbox 1507 2496 1582 2565; x_wconf 94' lang='lat' dir='ltr'>pro-</span> 
     </span>
     <span class='ocr_line' id='line_1_19' title="bbox 533 2584 1583 2677; baseline 0.001 -21"><span class='ocrx_word' id='word_1_137' title='bbox 533 2584 644 2665; x_wconf 88' lang='lat' dir='ltr'>hibet,</span> <span class='ocrx_word' id='word_1_138' title='bbox 674 2586 768 2676; x_wconf 89' lang='lat' dir='ltr'>quod</span> <span class='ocrx_word' id='word_1_139' title='bbox 797 2585 952 2655; x_wconf 83' lang='lat' dir='ltr'>sabbatis</span> <span class='ocrx_word' id='word_1_140' title='bbox 982 2586 1105 2677; x_wconf 90' lang='lat' dir='ltr'>utique</span> <span class='ocrx_word' id='word_1_141' title='bbox 1136 2610 1205 2656; x_wconf 91' lang='lat' dir='ltr'>non</span> <span class='ocrx_word' id='word_1_142' title='bbox 1236 2587 1366 2658; x_wconf 77' lang='lat' dir='ltr'>licebat</span> <span class='ocrx_word' id='word_1_143' title='bbox 1396 2588 1484 2659; x_wconf 85' lang='lat' dir='ltr'>fieri.</span> <span class='ocrx_word' id='word_1_144' title='bbox 1537 2588 1583 2658; x_wconf 83' lang='lat' dir='ltr'>Et</span> 
     </span>
     <span class='ocr_line' id='line_1_20' title="bbox 534 2700 1583 2793; baseline 0.006 -24"><span class='ocrx_word' id='word_1_145' title='bbox 534 2701 619 2793; x_wconf 93' lang='lat' dir='ltr'>quid</span> <span class='ocrx_word' id='word_1_146' title='bbox 651 2700 752 2791; x_wconf 88' lang='lat' dir='ltr'>plura</span> <span class='ocrx_word' id='word_1_147' title='bbox 786 2700 932 2769; x_wconf 85' lang='lat' dir='ltr'>dicam?</span> <span class='ocrx_word' id='word_1_148' title='bbox 972 2701 1094 2771; x_wconf 91' lang='lat' dir='ltr'>multis</span> <span class='ocrx_word' id='word_1_149' title='bbox 1128 2711 1165 2771; x_wconf 87' lang='lat' dir='ltr'>et</span> <span class='ocrx_word' id='word_1_150' title='bbox 1196 2704 1298 2772; x_wconf 84' lang='lat' dir='ltr'>variis</span> <span class='ocrx_word' id='word_1_151' title='bbox 1333 2706 1583 2775; x_wconf 87' lang='lat' dir='ltr'>assertionibus</span> 
     </span>
     <span class='ocr_line' id='line_1_21' title="bbox 535 2816 1582 2912; baseline 0.004 -27"><span class='ocrx_word' id='word_1_152' title='bbox 535 2816 781 2906; x_wconf 86' lang='lat' dir='ltr'>hujuscemodi</span> <span class='ocrx_word' id='word_1_153' title='bbox 818 2817 985 2908; x_wconf 80' lang='lat' dir='ltr'>dogmata</span> <span class='ocrx_word' id='word_1_154' title='bbox 1023 2817 1068 2886; x_wconf 92' lang='lat' dir='ltr'>ab</span> <span class='ocrx_word' id='word_1_155' title='bbox 1103 2841 1146 2888; x_wconf 90' lang='lat' dir='ltr'>eo</span> <span class='ocrx_word' id='word_1_156' title='bbox 1180 2841 1318 2888; x_wconf 88' lang='lat' dir='ltr'>summo</span> <span class='ocrx_word' id='word_1_157' title='bbox 1353 2821 1443 2902; x_wconf 89' lang='lat' dir='ltr'>nisu,</span> <span class='ocrx_word' id='word_1_158' title='bbox 1478 2831 1582 2912; x_wconf 88' lang='lat' dir='ltr'>atque</span> 
     </span>
     <span class='ocr_line' id='line_1_22' title="bbox 534 2932 1582 3006; baseline 0.004 -4"><span class='ocrx_word' id='word_1_159' title='bbox 534 2956 673 3002; x_wconf 89' lang='lat' dir='ltr'>summo</span> <span class='ocrx_word' id='word_1_160' title='bbox 699 2933 817 3001; x_wconf 89' lang='lat' dir='ltr'>studio</span> <span class='ocrx_word' id='word_1_161' title='bbox 843 2932 1116 3002; x_wconf 84' lang='lat' dir='ltr'>aflinnabantur.</span> <span class='ocrx_word' id='word_1_162' title='bbox 1170 2934 1266 3004; x_wconf 89' lang='lat' dir='ltr'>Nam</span> <span class='ocrx_word' id='word_1_163' title='bbox 1297 2959 1343 3005; x_wconf 84' lang='lat' dir='ltr'>ex</span> <span class='ocrx_word' id='word_1_164' title='bbox 1371 2939 1582 3006; x_wconf 85' lang='lat' dir='ltr'>auctoritate</span> 
     </span>
     <span class='ocr_line' id='line_1_23' title="bbox 534 3046 1584 3141; baseline 0.004 -26"><span class='ocrx_word' id='word_1_165' title='bbox 534 3047 684 3138; x_wconf 91' lang='lat' dir='ltr'>apostoli</span> <span class='ocrx_word' id='word_1_166' title='bbox 713 3046 831 3138; x_wconf 86' lang='lat' dir='ltr'>Moysi</span> <span class='ocrx_word' id='word_1_167' title='bbox 855 3046 982 3139; x_wconf 84' lang='lat' dir='ltr'>legem,</span> <span class='ocrx_word' id='word_1_168' title='bbox 1007 3048 1122 3141; x_wconf 87' lang='lat' dir='ltr'>legem</span> <span class='ocrx_word' id='word_1_169' title='bbox 1147 3073 1223 3119; x_wconf 88' lang='lat' dir='ltr'>esse</span> <span class='ocrx_word' id='word_1_170' title='bbox 1245 3051 1368 3120; x_wconf 88' lang='lat' dir='ltr'>mortis</span> <span class='ocrx_word' id='word_1_171' title='bbox 1390 3053 1584 3122; x_wconf 84' lang='lat' dir='ltr'>conabatur</span> 
     </span>
     <span class='ocr_line' id='line_1_24' title="bbox 535 3161 1581 3259; baseline 0.005 -28"><span class='ocrx_word' id='word_1_172' title='bbox 535 3185 708 3243; x_wconf 83' lang='lat' dir='ltr'>asserere3</span> <span class='ocrx_word' id='word_1_173' title='bbox 734 3161 822 3232; x_wconf 87' lang='lat' dir='ltr'>Jesu</span> <span class='ocrx_word' id='word_1_174' title='bbox 848 3185 931 3231; x_wconf 88' lang='lat' dir='ltr'>vero</span> <span class='ocrx_word' id='word_1_175' title='bbox 959 3163 1087 3256; x_wconf 85' lang='lat' dir='ltr'>legem,</span> <span class='ocrx_word' id='word_1_176' title='bbox 1109 3165 1225 3258; x_wconf 88' lang='lat' dir='ltr'>legem</span> <span class='ocrx_word' id='word_1_177' title='bbox 1252 3189 1328 3237; x_wconf 88' lang='lat' dir='ltr'>esse</span> <span class='ocrx_word' id='word_1_178' title='bbox 1347 3168 1441 3248; x_wconf 83' lang='lat' dir='ltr'>vitae,</span> <span class='ocrx_word' id='word_1_179' title='bbox 1461 3191 1524 3259; x_wconf 89' lang='lat' dir='ltr'>per</span> <span class='ocrx_word' id='word_1_180' title='bbox 1549 3168 1581 3236; x_wconf 93' lang='lat' dir='ltr'>id</span> 
     </span>
     <span class='ocr_line' id='line_1_25' title="bbox 535 3275 1583 3376; baseline 0.005 -30"><span class='ocrx_word' id='word_1_181' title='bbox 535 3278 630 3368; x_wconf 93' lang='lat' dir='ltr'>quod</span> <span class='ocrx_word' id='word_1_182' title='bbox 648 3278 708 3358; x_wconf 91' lang='lat' dir='ltr'>ait,</span> <span class='ocrx_word' id='word_1_183' title='bbox 726 3275 790 3345; x_wconf 82' lang='lat' dir='ltr'>⁸In</span> <span class='ocrx_word' id='word_1_184' title='bbox 817 3301 882 3370; x_wconf 82' lang='lat' dir='ltr'>quo</span> <span class='ocrx_word' id='word_1_185' title='bbox 908 3287 939 3347; x_wconf 84' lang='lat' dir='ltr'>et</span> <span class='ocrx_word' id='word_1_186' title='bbox 965 3276 1104 3349; x_wconf 82' lang='lat' dir='ltr'>idoneos</span> <span class='ocrx_word' id='word_1_187' title='bbox 1126 3303 1188 3349; x_wconf 81' lang='lat' dir='ltr'>nos</span> <span class='ocrx_word' id='word_1_188' title='bbox 1204 3280 1331 3376; x_wconf 75' lang='lat' dir='ltr'>⁰faotot</span> <span class='ocrx_word' id='word_1_189' title='bbox 1348 3280 1447 3353; x_wconf 80' lang='lat' dir='ltr'>Deus</span> <span class='ocrx_word' id='word_1_190' title='bbox 1465 3283 1583 3352; x_wconf 73' lang='lat' dir='ltr'>inistis·</span> 
     </span>
     <span class='ocr_line' id='line_1_26' title="bbox 536 3394 1581 3491; baseline 0.008 -29"><span class='ocrx_word' id='word_1_191' title='bbox 536 3402 606 3462; x_wconf 82' lang='lat' dir='ltr'>tros</span> <span class='ocrx_word' id='word_1_192' title='bbox 634 3394 714 3463; x_wconf 80' lang='lat' dir='ltr'>noni</span> <span class='ocrx_word' id='word_1_193' title='bbox 738 3395 936 3476; x_wconf 82' lang='lat' dir='ltr'>testamenti,</span> <span class='ocrx_word' id='word_1_194' title='bbox 958 3419 1027 3464; x_wconf 83' lang='lat' dir='ltr'>ooo</span> <span class='ocrx_word' id='word_1_195' title='bbox 1053 3394 1164 3480; x_wconf 81' lang='lat' dir='ltr'>litero,</span> <span class='ocrx_word' id='word_1_196' title='bbox 1185 3397 1246 3467; x_wconf 82' lang='lat' dir='ltr'>sed</span> <span class='ocrx_word' id='word_1_197' title='bbox 1260 3398 1410 3491; x_wconf 79' lang='lat' dir='ltr'>Spiritu.</span> <span class='ocrx_word' id='word_1_198' title='bbox 1463 3398 1581 3470; x_wconf 82' lang='lat' dir='ltr'>Litero</span> 
     </span>
     <span class='ocr_line' id='line_1_27' title="bbox 536 3507 1582 3603; baseline 0.007 -27"><span class='ocrx_word' id='word_1_199' title='bbox 536 3509 625 3577; x_wconf 74' lang='lat' dir='ltr'>enirn</span> <span class='ocrx_word' id='word_1_200' title='bbox 644 3507 777 3588; x_wconf 77' lang='lat' dir='ltr'>occidit,</span> <span class='ocrx_word' id='word_1_201' title='bbox 795 3508 952 3601; x_wconf 75' lang='lat' dir='ltr'>Spiritus</span> <span class='ocrx_word' id='word_1_202' title='bbox 978 3518 1090 3579; x_wconf 78' lang='lat' dir='ltr'>ostem</span> <span class='ocrx_word' id='word_1_203' title='bbox 1112 3510 1268 3603; x_wconf 78' lang='lat' dir='ltr'>vivificat.</span> <span class='ocrx_word' id='word_1_204' title='bbox 1323 3511 1425 3600; x_wconf 79' lang='lat' dir='ltr'>Quod</span> <span class='ocrx_word' id='word_1_205' title='bbox 1449 3515 1484 3583; x_wconf 78' lang='lat' dir='ltr'>st</span> <span class='ocrx_word' id='word_1_206' title='bbox 1499 3510 1582 3583; x_wconf 68' lang='lat' dir='ltr'>dmi-</span> 
     </span>
    </p>
   </div>
   <div class='ocr_carea' id='block_1_3' title="bbox 536 3736 1580 4090">
    <p class='ocr_par' dir='ltr' id='par_1_3' title="bbox 576 3736 1569 3815">
     <span class='ocr_line' id='line_1_28' title="bbox 576 3736 1569 3815; baseline 0.008 -24"><span class='ocrx_word' id='word_1_207' title='bbox 576 3746 588 3775; x_wconf 75' lang='lat'><em>⁰</em></span> <span class='ocrx_word' id='word_1_208' title='bbox 605 3736 737 3811; x_wconf 87' lang='lat' dir='ltr'>Vulgata,</span> <span class='ocrx_word' id='word_1_209' title='bbox 745 3738 819 3811; x_wconf 83' lang='lat' dir='ltr'>fecit</span> <span class='ocrx_word' id='word_1_210' title='bbox 833 3740 921 3803; x_wconf 71' lang='lat' dir='ltr'>Deua</span> <span class='ocrx_word' id='word_1_211' title='bbox 937 3741 1012 3813; x_wconf 93' lang='lat' dir='ltr'>quod</span> <span class='ocrx_word' id='word_1_212' title='bbox 1028 3741 1118 3814; x_wconf 88' lang='lat' dir='ltr'>magis</span> <span class='ocrx_word' id='word_1_213' title='bbox 1133 3760 1227 3815; x_wconf 83' lang='lat' dir='ltr'>graeco</span> <span class='ocrx_word' id='word_1_214' title='bbox 1242 3742 1329 3798; x_wconf 88' lang='lat' dir='ltr'>textui</span> <span class='ocrx_word' id='word_1_215' title='bbox 1345 3762 1503 3800; x_wconf 89' lang='lat' dir='ltr'>consonum</span> <span class='ocrx_word' id='word_1_216' title='bbox 1518 3754 1569 3801; x_wconf 82' lang='lat' dir='ltr'>est.</span> 
     </span>
    </p>

    <p class='ocr_par' dir='ltr' id='par_1_4' title="bbox 536 3829 1580 4090">
     <span class='ocr_line' id='line_1_29' title="bbox 577 3829 1580 3917; baseline 0.013 -32"><span class='ocrx_word' id='word_1_217' title='bbox 577 3829 742 3908; x_wconf 77' lang='lat' dir='ltr'>qulgata,</span> <span class='ocrx_word' id='word_1_218' title='bbox 765 3835 942 3893; x_wconf 84' lang='lat' dir='ltr'>Ministrutio</span> <span class='ocrx_word' id='word_1_219' title='bbox 965 3839 1069 3903; x_wconf 85' lang='lat' dir='ltr'>mortis,</span> <span class='ocrx_word' id='word_1_220' title='bbox 1092 3838 1180 3895; x_wconf 82' lang='lat' dir='ltr'>literis</span> <span class='ocrx_word' id='word_1_221' title='bbox 1204 3839 1355 3912; x_wconf 60' lang='lat' dir='ltr'>defformutu</span> <span class='ocrx_word' id='word_1_222' title='bbox 1380 3842 1407 3896; x_wconf 84' lang='lat' dir='ltr'>in</span> <span class='ocrx_word' id='word_1_223' title='bbox 1431 3841 1580 3917; x_wconf 78' lang='lat' dir='ltr'>lapidibss;</span> 
     </span>
     <span class='ocr_line' id='line_1_30' title="bbox 536 3929 1580 4013; baseline 0.011 -30"><span class='ocrx_word' id='word_1_224' title='bbox 536 3929 586 3984; x_wconf 90' lang='lat' dir='ltr'>sed</span> <span class='ocrx_word' id='word_1_225' title='bbox 608 3933 696 3987; x_wconf 88' lang='lat' dir='ltr'>nostri</span> <span class='ocrx_word' id='word_1_226' title='bbox 718 3932 881 4006; x_wconf 84' lang='lat' dir='ltr'>interpretis</span> <span class='ocrx_word' id='word_1_227' title='bbox 906 3934 990 3990; x_wconf 89' lang='lat' dir='ltr'>lectio</span> <span class='ocrx_word' id='word_1_228' title='bbox 1016 3935 1107 4009; x_wconf 88' lang='lat' dir='ltr'>magis</span> <span class='ocrx_word' id='word_1_229' title='bbox 1129 3936 1164 3991; x_wconf 86' lang='lat' dir='ltr'>ad</span> <span class='ocrx_word' id='word_1_230' title='bbox 1186 3955 1298 3992; x_wconf 89' lang='lat' dir='ltr'>sensum</span> <span class='ocrx_word' id='word_1_231' title='bbox 1321 3938 1416 4012; x_wconf 85' lang='lat' dir='ltr'>graeci,</span> <span class='ocrx_word' id='word_1_232' title='bbox 1432 3958 1489 4013; x_wconf 92' lang='lat' dir='ltr'>quo</span> <span class='ocrx_word' id='word_1_233' title='bbox 1511 3959 1580 3997; x_wconf 84' lang='lat' dir='ltr'>nunc</span> 
     </span>
     <span class='ocr_line' id='line_1_31' title="bbox 537 4026 890 4090; baseline 0.011 -10"><span class='ocrx_word' id='word_1_234' title='bbox 537 4026 650 4090; x_wconf 83' lang='lat' dir='ltr'>utimur,</span> <span class='ocrx_word' id='word_1_235' title='bbox 665 4039 761 4085; x_wconf 87' lang='lat' dir='ltr'>textus</span> <span class='ocrx_word' id='word_1_236' title='bbox 776 4032 890 4086; x_wconf 88' lang='lat' dir='ltr'>accedit.</span> 
     </span>
    </p>
   </div>
   <div class='ocr_carea' id='block_1_4' title="bbox 578 4174 1577 4260">
    <p class='ocr_par' dir='ltr' id='par_1_5' title="bbox 578 4174 1577 4260">
     <span class='ocr_line' id='line_1_32' title="bbox 578 4174 1577 4260; baseline 0.01 -32"><span class='ocrx_word' id='word_1_237' title='bbox 578 4179 584 4200; x_wconf 91' lang='lat'>¹</span> <span class='ocrx_word' id='word_1_238' title='bbox 601 4174 682 4230; x_wconf 90' lang='lat' dir='ltr'>Prov.</span> <span class='ocrx_word' id='word_1_239' title='bbox 699 4176 766 4230; x_wconf 81' lang='lat' dir='ltr'>xxii.</span> <span class='ocrx_word' id='word_1_240' title='bbox 783 4194 808 4230; x_wconf 89' lang='lat'>2.</span> <span class='ocrx_word' id='word_1_241' title='bbox 832 4178 905 4233; x_wconf 86' lang='lat' dir='ltr'>Mat.</span> <span class='ocrx_word' id='word_1_242' title='bbox 921 4198 947 4232; x_wconf 89' lang='lat' dir='ltr'>v.</span> <span class='ocrx_word' id='word_1_243' title='bbox 963 4196 991 4248; x_wconf 84' lang='lat'>3.</span> <span class='ocrx_word' id='word_1_244' title='bbox 1013 4178 1082 4234; x_wconf 90' lang='lat' dir='ltr'>Luc.</span> <span class='ocrx_word' id='word_1_245' title='bbox 1099 4182 1153 4235; x_wconf 81' lang='lat' dir='ltr'>xiv.</span> <span class='ocrx_word' id='word_1_246' title='bbox 1169 4198 1217 4254; x_wconf 80' lang='lat'>33.</span> <span class='ocrx_word' id='word_1_247' title='bbox 1341 4184 1457 4240; x_wconf 63' lang='lat' dir='ltr'>&#39;Eiram</span> <span class='ocrx_word' id='word_1_248' title='bbox 1473 4187 1520 4242; x_wconf 76' lang='lat' dir='ltr'>xii.</span> <span class='ocrx_word' id='word_1_249' title='bbox 1536 4198 1577 4260; x_wconf 69' lang='lat'>35.</span> 
     </span>
    </p>
   </div>
   <div class='ocr_carea' id='block_1_5' title="bbox 537 4270 1577 4436">
    <p class='ocr_par' dir='ltr' id='par_1_6' title="bbox 537 4270 1577 4436">
     <span class='ocr_line' id='line_1_33' title="bbox 538 4270 1577 4355; baseline 0.01 -31"><span class='ocrx_word' id='word_1_250' title='bbox 538 4274 546 4304; x_wconf 85' lang='lat'>³</span> <span class='ocrx_word' id='word_1_251' title='bbox 564 4270 641 4341; x_wconf 87' lang='lat' dir='ltr'>[For.</span> <span class='ocrx_word' id='word_1_252' title='bbox 657 4271 802 4345; x_wconf 77' lang='lat' dir='ltr'>populus]</span> <span class='ocrx_word' id='word_1_253' title='bbox 888 4284 897 4310; x_wconf 86' lang='lat'><strong>⁴</strong></span> <span class='ocrx_word' id='word_1_254' title='bbox 913 4276 1004 4330; x_wconf 84' lang='lat' dir='ltr'>Exod.</span> <span class='ocrx_word' id='word_1_255' title='bbox 1021 4277 1077 4331; x_wconf 85' lang='lat' dir='ltr'>xxi.</span> <span class='ocrx_word' id='word_1_256' title='bbox 1089 4296 1135 4348; x_wconf 81' lang='lat'>24.</span> <span class='ocrx_word' id='word_1_257' title='bbox 1158 4278 1226 4334; x_wconf 88' lang='lat' dir='ltr'>Luc.</span> <span class='ocrx_word' id='word_1_258' title='bbox 1238 4280 1273 4334; x_wconf 65' lang='grc' dir='ltr'>ιη’.</span> <span class='ocrx_word' id='word_1_259' title='bbox 1288 4298 1333 4355; x_wconf 92' lang='lat'>29.</span> <span class='ocrx_word' id='word_1_260' title='bbox 1418 4286 1425 4317; x_wconf 87' lang='lat'><em>⁵</em></span> <span class='ocrx_word' id='word_1_261' title='bbox 1442 4283 1529 4339; x_wconf 74' lang='lat' dir='ltr'>Num⁴</span> <span class='ocrx_word' id='word_1_262' title='bbox 1539 4302 1577 4338; x_wconf 89' lang='lat' dir='ltr'>xv.</span> 
     </span>
     <span class='ocr_line' id='line_1_34' title="bbox 537 4360 1532 4436; baseline 0.013 -15"><span class='ocrx_word' id='word_1_263' title='bbox 537 4382 585 4433; x_wconf 81' lang='lat'>32.</span> <span class='ocrx_word' id='word_1_264' title='bbox 669 4369 879 4428; x_wconf 79' lang='lat' dir='ltr'>⁰Marc.ii.11.</span> <span class='ocrx_word' id='word_1_265' title='bbox 964 4374 1141 4431; x_wconf 83' lang='lat' dir='ltr'>⁷2Luc.vi.</span> <span class='ocrx_word' id='word_1_266' title='bbox 1161 4395 1184 4430; x_wconf 88' lang='lat'>1.</span> <span class='ocrx_word' id='word_1_267' title='bbox 1268 4360 1532 4436; x_wconf 47' lang='lat' dir='ltr'>‘&#39;cornito-11.</span> 
     </span>
    </p>
   </div>
   <div class='ocr_carea' id='block_1_6' title="bbox 0 0 1959 5167">
    <p class='ocr_par' dir='ltr' id='par_1_7' title="bbox 0 0 1959 5167">
     <span class='ocr_line' id='line_1_35' title="bbox 0 0 1959 5167; baseline 0 0"><span class='ocrx_word' id='word_1_268' title='bbox 0 0 1959 5167; x_wconf 95' lang='lat' dir='ltr'> </span> 
     </span>
    </p>
   </div>
  </div>
 </body>
</html>
