3900 5167
820 451 1130 516 DISPUTATIO.
1438 448 1501 512 127

449 626 508 696 lus
524 634 646 696 autem
663 625 762 696 Deus
785 634 885 716 pater
906 625 981 717 ejus
1001 633 1127 695 natura
1143 638 1208 702 est,
1226 622 1285 711 qui
1304 621 1421 690 omnia
1438 642 1501 711 per

452 741 617 812 Verbum
642 762 745 810 suum
769 738 937 810 velociter
961 739 1062 808 nobis
1088 737 1311 808 manifestare
1337 737 1501 829 dignatus

452 863 519 926 est.
572 854 652 924 Nec
677 855 713 924 iu
739 854 858 946 aliquo
883 865 1080 923 remoratus
1102 852 1279 922 Dominus
1305 859 1425 920 noster
1439 849 1502 919 Je-

452 991 523 1050 sus,
542 965 648 1038 iintra
669 970 774 1039 unius
794 970 877 1038 anni
903 969 1055 1060 spatium
1078 967 1321 1060 languentium
1339 964 1502 1034 multitu·

453 1083 553 1151 dines
578 1082 731 1151 reddidit
757 1082 910 1163 sanitati,
927 1092 1087 1152 mortuos
1108 1080 1197 1151 luci:
1226 1081 1303 1171 ¹qui
1325 1080 1422 1149 verbi
1447 1080 1501 1148 sui

453 1204 632 1287 potestate
649 1196 811 1266 universa
827 1195 1013 1288 amplexus
1030 1205 1105 1279 est3
1131 1197 1168 1264 in
1193 1219 1263 1287 quo
1286 1194 1430 1264 tandem
1449 1217 1502 1262 re·

453 1320 610 1381 moratus
637 1319 703 1393 est,
725 1319 767 1380 ut
794 1310 831 1379 in
858 1310 1036 1381 Paraclito
1062 1311 1239 1379 mittendo
1265 1307 1388 1378 tandiu
1419 1329 1501 1378 eum

453 1434 670 1495 remoratum
688 1424 896 1495 credamus?
935 1424 1031 1507 Quin
1049 1425 1177 1515 potius
1195 1432 1237 1493 ut
1253 1424 1413 1514 superius
1430 1422 1503 1491 dic-

454 1550 532 1610 tum
550 1549 617 1621 est,
634 1539 748 1609 adfuit
769 1538 890 1609 statim
909 1538 1100 1629 plurimum
1119 1536 1267 1608 diffissus
1283 1537 1318 1605 in
1338 1536 1501 1618 Paulum,

454 1656 555 1746 cujus
571 1655 682 1724 etiam
699 1655 903 1723 testimonio
920 1653 1134 1724 credidimus
1151 1653 1295 1734 dicenti,
1309 1649 1424 1721 ’Mili
1441 1675 1503 1721 aa·

455 1776 520 1838 tem
536 1766 604 1837 coli
619 1766 701 1837 datu
717 1776 766 1838 est
778 1767 897 1863 pratia
916 1764 999 1837 loec.
1052 1767 1123 1851 Qui
1148 1768 1242 1857 prius
1265 1768 1409 1858 quidem
1433 1766 1504 1837 fuit

454 1892 661 1975 persecutor
694 1880 850 1951 eeclesiae
878 1880 959 1959 Dei,
990 1882 1052 1951 sed
1083 1903 1222 1950 rursum
1257 1882 1503 1952 manifestatus

455 2005 509 2065 est
540 1993 714 2075 omnibus,
744 1994 828 2084 quia
856 2003 949 2064 esset
976 1993 1090 2064 fidelis
1121 1993 1286 2064 Paracliti
1320 1995 1503 2076 minister3

455 2131 640 2201 perquem
664 2110 834 2178 universis
860 2109 1016 2178 innotuit
1041 2108 1227 2201 singularis
1249 2111 1324 2200 ejus
1350 2109 1504 2178 clemen·

456 2223 516 2305 tia,
540 2224 634 2313 quod
660 2230 699 2292 et
720 2244 832 2313 usque
861 2222 905 2292 ad
934 2245 1007 2303 nos,
1031 2224 1090 2313 qui
1122 2221 1311 2312 aliquando
1340 2223 1415 2291 sine
1441 2244 1504 2313 spe

455 2358 606 2419 eramus,
623 2337 795 2406 donorum
819 2337 895 2426 ejus
918 2336 1057 2429 largitio
1079 2338 1250 2428 pervenit.
1302 2336 1391 2420 Quis
1409 2337 1504 2405 enirn

455 2451 617 2521 nostrum
647 2472 787 2542 sperare
814 2458 953 2542 poterat
982 2462 1245 2542 persecutorem
1276 2451 1438 2531 Paulum,
1466 2460 1505 2519 et

456 2566 639 2635 inimicum
662 2564 829 2649 ecclesiae,
852 2564 1074 2657 defensorem
1100 2567 1176 2656 ejus
1201 2588 1243 2636 aa
1269 2574 1422 2635 tutorem
1450 2564 1504 2634 fu·

455 2678 602 2750 turum?
637 2687 675 2747 et
701 2701 772 2748 non
797 2678 912 2749 solum
937 2680 1014 2761 hoc,
1033 2702 1157 2749 verum
1182 2680 1290 2750 etiam
1316 2690 1354 2750 et
1376 2682 1505 2774 magis-

457 2805 555 2862 trum
601 2792 827 2862 ecelesiarum
877 2794 1096 2863 conditorem
1144 2806 1183 2863 et
1221 2794 1503 2864 architectonem.

457 2907 547 2977 Post
576 2906 670 2976 hune
697 2930 790 2999 ergo,
809 2916 847 2976 et
870 2917 949 2999 post
972 2930 1044 2991 eos,
1063 2910 1124 2999 qui
1148 2930 1231 2978 eum
1256 2910 1331 3000 ipso
1355 2908 1505 2996 fuerant,

455 3023 492 3092 id
519 3030 584 3101 est,
609 3030 690 3112 post
719 3020 916 3112 discipulos,
941 3020 1079 3091 nullum
1106 3022 1216 3093 alium
1240 3024 1358 3092 venire
1381 3045 1505 3093 secun-

456 3135 543 3205 dnm
570 3133 768 3225 Scripturas
793 3136 1004 3225 sperandum
1031 3146 1108 3219 est3
1135 3138 1186 3207 ait
1212 3138 1306 3206 enirn
1328 3135 1505 3206 Dominus

456 3259 577 3320 noster
592 3248 698 3319 Jesus
723 3249 768 3318 de
795 3248 981 3332 Paraclito,
1003 3247 1114 3338 ³Qnia
1136 3259 1168 3321 et
1192 3250 1234 3321 dc
1261 3275 1332 3321 meo
1355 3250 1504 3345 accipiet.

442 3355 535 3437 'vas
560 3386 644 3457 ergo
668 3363 849 3455 probabile
875 3363 985 3456 elegit
1010 3365 1104 3434 hunc
1129 3366 1254 3448 virum,
1275 3389 1380 3457 quem
1408 3368 1515 3442 misit

456 3481 501 3551 ad
519 3501 585 3549 nos
602 3476 754 3549 Paulum
773 3474 830 3547 l‘in
849 3480 992 3570 spiritus
1008 3478 1151 3548 influxit
1168 3480 1341 3571 Spiritus;
1359 3493 1396 3552 et
1414 3484 1505 3553 sicut

458 3617 530 3664 uon
555 3615 660 3684 super
680 3615 802 3663 omnes
827 3594 988 3663 homines
1007 3592 1160 3685 Spiritus
1177 3594 1335 3664 habitare
1353 3605 1505 3687 poterat,

499 3771 557 3830 ‘Iu
571 3774 667 3830 codice
682 3781 735 3838 est,
750 3775 829 3831 inter.
873 3773 931 3831 Sed
950 3793 1037 3830 unum
1057 3769 1161 3830 annum
1177 3774 1284 3831 Christi
1303 3776 1504 3849 praedicationi,

459 3889 491 3925 ac
511 3871 652 3926 miraculis
666 3870 777 3926 videtur
797 3871 956 3927 adscribere
970 3869 1129 3927 Archelaus
1149 3890 1212 3927 cum
1234 3872 1295 3927 aliis
1316 3873 1437 3945 antiquis
1453 3873 1504 3929 Pa·

460 3967 558 4030 tribus,
573 3985 658 4039 quare
672 3966 834 4040 legendum,
849 3968 930 4022 intra.
965 3966 1037 4022 Vide
1052 3966 1125 4022 iufra
1139 3985 1200 4040 cap.
1214 3984 1262 4039 49.
1303 3967 1429 4037 (Videsis
1444 3977 1504 4024 not.

463 4062 489 4116 in
504 4062 650 4118 Melitonis
666 4063 774 4137 Fraqm.
790 4082 816 4136 p.
830 4063 897 4135 146.
912 4063 967 4118 vol.
978 4064 995 4118 i.
1010 4063 1109 4118 harum
1124 4063 1227 4136 Reliq.)

501 4154 517 4197 k
531 4158 625 4213 locus
636 4168 791 4232 corruptus.
815 4160 910 4221 Forte,
921 4159 1076 4232 inSpin'tn.
1092 4159 1206 4233 Influxit
1215 4158 1347 4231 Spiritus,
1358 4165 1404 4217 etc.
1428 4159 1505 4228 (For.

465 4253 572 4326 scripsit
586 4254 750 4321 Archelaus,
762 4254 888 4320 Paulum,
903 4256 982 4326 cujus
996 4256 1023 4309 in
1037 4255 1162 4329 spiritum
1178 4255 1285 4329 inflant
1301 4254 1422 4327 Spiritus
1430 4255 1453 4322 ‚·)

543 4378 549 4400 ¹
569 4372 658 4445 [Heb.
675 4374 692 4428 i.
710 4375 751 4446 3.]
847 4373 979 4449 'Ephes
997 4375 1034 4430 iii.
1053 4376 1079 4431 8.
1183 4376 1287 4432 ’Joam
1302 4377 1356 4430 xvi.
1379 4394 1423 4446 14·
