3900 5167
821 461 1133 525 DISPUTATIO.
1459 462 1501 527 'tt

452 650 534 701 eme
561 630 742 723 poteritis;
766 631 875 723 ipsius
901 632 996 701 enim
1018 631 1154 724 judicio
1180 653 1346 724 suspensa
1371 634 1503 725 pendet
1608 659 1614 670 ·

454 745 541 816 urbs
568 754 703 818 vestra:
730 748 823 838 qnod
853 748 882 817 si
912 747 958 817 ab
988 770 1201 839 unoquoque
1231 756 1386 818 vestrum
1416 749 1503 842 abji-

453 860 570 932 ciatur
586 883 676 933 vana
702 863 936 955 praesumptio,
960 873 998 934 et
1025 885 1068 933 ea
1094 885 1171 954 quae
1199 862 1361 934 dicentur
1384 887 1407 935 a
1432 888 1500 946 me,

454 977 530 1046 veri
563 999 683 1047 amore
716 977 914 1062 audiantur,
948 979 1058 1048 futuri
1097 976 1206 1048 seculi
1246 978 1500 1064 haereditatem,

454 1090 621 1162 celorum
650 1116 759 1186 regna
787 1094 945 1186 capietis.
1003 1092 1092 1165 Sum
1122 1094 1266 1185 quidem
1296 1117 1363 1188 ego
1394 1094 1501 1167 Para·

454 1204 572 1288 clitus,
590 1208 649 1297 qui
666 1206 712 1277 ab
728 1204 816 1277 Jesu
839 1207 935 1277 mitti
959 1206 1150 1299 praedictus
1173 1229 1263 1289 sum,
1283 1205 1346 1277 'ud
1356 1230 1502 1303 arguen-

453 1316 538 1389 dum
563 1319 727 1391 mundum
749 1319 792 1390 dc
812 1329 961 1415 peccato,
980 1330 1012 1392 et
1029 1320 1073 1390 dc
1089 1320 1289 1414 ‘teuciac
1341 1320 1443 1392 Sicut
1464 1331 1501 1393 et

453 1436 517 1526 qui
539 1445 624 1505 autc
645 1459 705 1507 ms
728 1437 852 1507 missus
869 1444 924 1508 est
941 1435 1085 1517 Paulus,
1103 1443 1164 1507 ’ce
1177 1446 1277 1531 purte
1292 1437 1390 1518 scire,
1408 1445 1440 1508 et
1456 1460 1501 1508 ec

447 1558 553 1643 purte
567 1548 776 1645 prophetare
797 1574 836 1622 se
861 1551 964 1634 dixit,
981 1552 1067 1622 mihi
1094 1575 1282 1634 reservans,
1300 1553 1395 1645 quod
1421 1576 1500 1645 per-

453 1665 590 1736 fectum
618 1676 684 1749 est,
711 1677 753 1737 nt
783 1667 850 1738 hoe
879 1667 975 1759 quod
1005 1690 1052 1738 ex
1084 1677 1184 1759 parte
1214 1676 1278 1750 est,
1308 1669 1499 1740 destruam.

452 1778 614 1851 Tertium
641 1804 725 1875 ergo
752 1783 994 1854 testimonium
1025 1782 1185 1873 accipite,
1212 1782 1411 1874 apostolum
1439 1806 1499 1853 me

452 1917 531 1967 esse
553 1895 685 1969 Christi
707 1897 882 1968 electum:
908 1906 947 1967 et
971 1896 1000 1966 si
1025 1895 1132 1966 vultis
1156 1918 1236 1965 mea
1260 1897 1367 1968 verbu
1391 1898 1499 1969 susci·

451 2030 548 2100 pere,
565 2009 752 2080 invenietis
777 2009 951 2087 salutem;
978 2008 1140 2079 uolentes
1164 2018 1295 2093 autem,
1313 2033 1374 2081 vos
1399 2021 1500 2082 aeter-

451 2145 520 2193 nus
538 2124 628 2217 ignis
653 2123 838 2196 absumere
865 2123 984 2195 habet.
1037 2122 1139 2194 Sicut
1164 2124 1259 2195 enim
1284 2124 1502 2219 Hymenaeus

451 2248 490 2310 at
507 2237 715 2309 Alexander
730 2238 871 2310 ³truditi
895 2246 975 2309 suat
996 2236 1149 2321 Sutuuce,
1176 2247 1213 2310 ut
1238 2238 1406 2313 discerent
1430 2265 1500 2313 uon

450 2351 706 2448 blasphemare:
738 2356 857 2425 itaet
888 2376 948 2424 vos
979 2376 1100 2423 ornnes
1130 2376 1312 2445 poenarum
1344 2355 1499 2449 Principi

451 2469 652 2552 trademini,
670 2492 732 2561 pro
759 2493 802 2540 eo
830 2470 925 2561 quod
952 2491 1078 2539 manus
1106 2469 1273 2561 injecistis
1299 2471 1334 2539 in
1360 2480 1498 2563 patrem

451 2582 595 2666 Christi,
612 2606 694 2654 cum
711 2606 794 2654 eum
811 2583 928 2653 dicitis
949 2605 1089 2653 causam
1114 2605 1189 2654 esse
1212 2584 1369 2654 omniurn
1388 2584 1499 2655 malo-

449 2721 542 2781 rum,
567 2708 606 2771 et
635 2700 854 2770 conditorem
884 2698 1075 2790 injustitiae,
1100 2705 1138 2767 et
1165 2698 1276 2768 totius
1302 2698 1499 2790 iniquitatis

450 2821 658 2896 creatorem,
675 2836 721 2883 ex
738 2813 864 2883 eodem
886 2812 986 2882 fonte
1010 2809 1149 2881 dulcem
1173 2819 1212 2882 et
1237 2835 1392 2883 amaram
1418 2836 1497 2905 pro·

451 2929 624 2999 ducentes
639 2948 786 3020 aquam:
804 2927 897 3018 quod
912 2926 987 2995 fieri
1003 2934 1066 2994 aut
1078 2925 1231 3019 intelligi
1248 2925 1346 2996 nulla
1362 2929 1498 2999 ratione

450 3043 617 3137 possibile
646 3052 710 3115 est.
767 3043 834 3112 Cui
869 3043 964 3111 enim
994 3050 1136 3133 oportet
1164 3040 1287 3111 credi?
1324 3044 1499 3135 magistris

451 3162 577 3231 vestris
595 3160 680 3239 istis,
696 3158 756 3249 qui
774 3156 935 3227 carnibus
950 3164 1150 3241 vescuntur,
1168 3165 1206 3225 et
1223 3155 1498 3229 affluentissimis

450 3276 587 3348 deliciis
611 3273 848 3367 perfruuntur,
873 3279 935 3341 aut
964 3269 1138 3341 Salvatori
1164 3269 1305 3341 Christo
1330 3269 1417 3342 Jesu
1444 3271 1497 3340 di-

451 3392 556 3473 centi,
571 3391 663 3459 siout
680 3389 847 3479 scriptum
866 3395 921 3456 est
938 3389 973 3456 in
994 3385 1267 3479 Evangeliornm
1286 3384 1385 3468 libro,
1398 3383 1497 3455 4Νοπ

447 3514 557 3599 potest
582 3501 685 3574 orbor
710 3501 797 3572 bonu
822 3498 929 3570 mulos
942 3498 1087 3593 fructus
1101 3497 1233 3592 fucere,
1261 3522 1367 3593 aeque
1393 3498 1497 3569 orbor

490 3751 502 3791 ¹
523 3749 646 3805 Videtur
660 3748 706 3804 hic
718 3747 798 3804 locus
812 3766 830 3803 a
843 3746 971 3808 Manete,
986 3744 1031 3801 vel
1051 3743 1086 3800 ab
1105 3742 1236 3816 imperito
1251 3741 1365 3798 librario
1379 3760 1496 3819 corrup·

453 3855 512 3911 tus;
535 3864 602 3902 nam
615 3845 643 3901 in
659 3862 739 3900 sacro
752 3851 844 3907 textu,
852 3842 975 3915 justitia,
991 3840 1123 3897 scribitur
1136 3838 1278 3894 contrario
1293 3856 1386 3895 seusu.
1409 3838 1497 3895 Varia
1572 3822 1574 3825 ‚

454 3953 542 4000 autern
559 3941 654 3999 Sacrae
669 3939 822 4014 Scripturas
835 3939 899 3994 loca
915 3937 1012 3994 dolose
1031 3933 1225 4008 interpolasse,
1241 3941 1325 4007 atque
1339 3934 1497 4008 corrupisse

456 4041 596 4099 Monetam
611 4040 714 4097 diserte
728 4038 884 4095 Archelaus
899 4036 998 4093 asserit
1017 4035 1090 4091 infra
1103 4052 1165 4107 cup.
1183 4049 1228 4107 53.
1244 4041 1272 4088 et
1287 4051 1322 4088 ex
1338 4031 1497 4107 Epiphanio

457 4137 592 4212 colligitur
605 4136 633 4191 in
649 4135 775 4210 ejusdem
789 4132 890 4189 haeresi
905 4151 981 4187 num.
998 4130 1044 4204 56.

530 4281 539 4308 ¹
562 4282 647 4339 Joan.
663 4280 718 4336 rvi.
734 4279 760 4335 8.
1006 4281 1014 4304 ¹
1043 4294 1051 4330 r
1071 4276 1138 4330 Cor.
1154 4274 1211 4329 xiii.
1227 4291 1256 4348 9.

532 4376 542 4409 ³
569 4377 721 4434 1'llmoth.
737 4377 756 4433 i.
773 4394 820 4431 20.
1000 4383 1010 4413 ⁴
1033 4370 1162 4427 Matvii.
1184 4369 1227 4425 18.
1241 4369 1324 4425 Joan.
1335 4368 1391 4424 viii.
1404 4387 1453 4442 44.

499 4492 560 4534 ΥΟΕ.
576 4494 608 4535 V.
1062 4488 1079 4527 L
