3900 5167
519 462 584 527 264
888 465 920 526 S,
939 464 1213 529 AUGUSTINI

355 649 420 697 cr».
437 650 472 700 ra
570 637 675 707 Alius
693 636 905 706 Saturninus
928 637 1085 707 aTuaen
1105 639 1217 708 dixit:
1246 636 1405 709 Gentiles
1421 640 1571 732 marris

520 752 613 823 idola
630 751 751 833 colant,
770 761 882 822 tomen
902 775 1073 821 maslaum
1089 751 1205 823 Deam
1223 752 1370 824 Patrem
1388 763 1570 824 creatorem

520 878 722 964 coenassent
739 877 770 937 ct
787 868 999 960 confiteatur.
1052 866 1099 938 Ia
1122 866 1214 939 lonc
1228 867 1399 939 Marcion
1423 867 1572 963 llosple

521 996 600 1065 mat,
614 994 646 1055 et
663 984 802 1079 quidam
821 994 922 1054 motoo
939 982 1140 1054 mdcscant
1151 983 1353 1055 Marcionis
1370 983 1571 1079 baptismam

465 1151 470 1163 ,
514 1100 673 1199 probare.
725 1099 900 1189 Quomodo
926 1099 1010 1169 tales
1034 1099 1225 1171 sacerdotes
1250 1101 1483 1172 sacerdotium
1504 1099 1572 1171 Dei

520 1227 581 1288 cat
603 1225 750 1295 seruant,
768 1226 831 1287 aut
855 1216 1043 1298 vindicant,
1062 1216 1123 1310 qai
1143 1213 1254 1286 tostos
1270 1214 1343 1287 Da
1369 1240 1440 1287 aon
1465 1214 1570 1311 bapti·

520 1342 612 1413 aaut,
630 1341 661 1402 et
677 1332 728 1402 sle
746 1330 816 1401 illis
833 1332 1118 1403 communicant?

573 1449 840 1539 Respondetur:
869 1448 1050 1518 Nimirum
1069 1472 1149 1518 cum
1169 1448 1256 1519 talia
1273 1451 1452 1533 dicuntur,
1471 1471 1571 1521 exce

522 1565 618 1634 ditur
642 1566 777 1646 modus,
801 1587 867 1633 nec
893 1564 1135 1634 consideratur
1164 1566 1247 1656 qnia
1274 1575 1312 1634 et
1343 1567 1410 1657 ipsi
1444 1565 1569 1636 talibus

521 1679 838 1759 communicabant,
857 1680 1025 1749 neminem
1040 1678 1247 1771 judicantes,
1266 1688 1328 1750 aut
1344 1704 1367 1750 a
1381 1680 1468 1773 jare
1484 1704 1569 1751 eom-

413 1795 415 1799 ’
520 1795 695 1864 munionis
709 1792 856 1886 aliquem
874 1795 906 1863 sl
923 1794 1095 1865 dicatam
1111 1795 1255 1865 sanarit
1272 1804 1472 1865 amoventes.
1500 1795 1568 1865 Sed

520 1908 628 1978 babet
652 1910 718 1978 iste
746 1910 782 1976 in
808 1908 874 1978 hae
901 1910 977 1999 ipsa
1004 1912 1180 1979 sententia
1197 1933 1261 1979 sua
1278 1911 1374 1979 unde
1390 1910 1567 1979 admoneri

520 2032 647 2115 posset,
666 2024 694 2091 si
712 2023 924 2104 adverteret,
940 2023 977 2092 id
1002 2024 1037 2091 in
1062 2045 1203 2114 quoque
1227 2024 1474 2116 corrigendum
1496 2046 1568 2094 esse

520 2140 614 2231 quod
636 2160 781 2230 pravum
800 2148 865 2219 est,
883 2139 977 2229 quod
1002 2147 1122 2207 autem
1147 2150 1284 2207 reatum
1303 2149 1358 2209 est
1376 2141 1569 2232 approben-

521 2257 617 2324 dum.
673 2253 969 2343 Quandoquidem
1005 2254 1066 2336 ait,
1099 2252 1254 2325 Gentiles
1287 2256 1445 2348 quamvis
1478 2253 1567 2325 idola

521 2370 641 2452 colant,
660 2379 771 2440 toraca
794 2392 963 2438 mamam
986 2368 1100 2439 Deum
1117 2368 1260 2439 Patrem
1285 2378 1472 2441 maalmam
1496 2394 1567 2467 aoy·

520 2495 663 2559 noscant
689 2495 720 2556 et
746 2485 957 2577 confitenter.
1012 2484 1049 2554 si
1077 2486 1155 2575 quis
1181 2507 1265 2576 ergo
1288 2485 1333 2553 ad
1351 2483 1472 2553 Deum
1490 2482 1567 2553 talis

519 2604 662 2697 gentilis
681 2602 826 2679 veniret,
841 2601 1012 2690 numquid
1031 2598 1139 2669 vellet
1157 2600 1192 2667 iu
1211 2622 1254 2669 eo
1271 2600 1446 2691 corrigere
1463 2610 1566 2690 atque

520 2730 670 2800 mutare,
688 2719 781 2809 quod
801 2716 918 2784 Deum
947 2716 1089 2786 Patrem
1117 2725 1310 2784 creatorem
1333 2716 1566 2784 confitebatur

520 2849 557 2905 et
575 2832 743 2903 noverat?
783 2831 891 2900 nNon
917 2840 1016 2923 puto,
1035 2832 1095 2901 sed
1120 2832 1325 2900 emendaret
1342 2831 1380 2898 in
1397 2853 1440 2899 eo
1459 2829 1565 2899 idolo-

522 2952 670 3030 latriam,
703 2949 797 3039 quod
828 2948 961 3016 uratum
998 2946 1173 3027 habebat3
1201 2956 1238 3014 et
1269 2947 1424 3014 traderet
1458 2969 1566 3015 sacra·

521 3076 643 3134 mama
677 3065 885 3144 Christiana,
921 3087 1001 3152 quae
1037 3085 1105 3130 non
1140 3061 1311 3129 habebat:
1349 3069 1387 3128 et
1421 3062 1448 3129 si
1484 3061 1564 3151 quid

523 3194 657 3249 rectum
685 3189 803 3247 nosset
831 3180 864 3245 in
891 3201 943 3255 eo,
967 3178 1197 3269 approbaret;
1224 3178 1252 3244 si
1279 3177 1361 3265 quid
1394 3178 1565 3244 inveniret

523 3321 735 3390 perversum,
753 3298 979 3377 emendaret3
1006 3298 1033 3364 si
1053 3297 1136 3385 quid
1155 3295 1333 3373 defuisset,
1352 3296 1464 3362 daret.
1509 3293 1564 3363 Sie

522 3427 559 3483 et
576 3417 611 3482 iu
632 3413 862 3482 Marcionista
880 3413 1045 3480 heretica
1068 3422 1272 3503 agnosceret
1294 3410 1458 3501 baptismi
1479 3412 1565 3478 inte-

521 3531 697 3621 gritatem,
723 3528 911 3618 corrigeret
938 3528 1013 3617 ejus
1038 3527 1314 3617 perversitatem,
1342 3527 1487 3595 doceret
1513 3548 1566 3594 ca·

523 3644 690 3712 tholieam
710 3642 905 3709 veritatem.

574 3758 765 3828 Marcellus
783 3780 803 3825 a
821 3756 932 3824 Zama
950 3756 1060 3823 dixit:
1090 3754 1178 3827 Cant
1199 3766 1336 3847 peceato
1355 3780 1423 3825 noa
1441 3758 1511 3826 rotat
1530 3757 1563 3824 ia

563 4070 585 4099 ¹¹¹
601 4058 739 4131 Loquitur
754 4059 788 4113 de
803 4057 948 4130 Stephano
964 4056 1110 4118 pontifice,
1127 4057 1161 4111 de
1181 4075 1236 4128 quo
1256 4057 1282 4110 in
1300 4057 1435 4130 Cypriani
1450 4057 1566 4131 epistula

524 4172 569 4227 74.
587 4157 621 4209 ad
637 4156 817 4227 Pompeium:
838 4154 892 4209 Car
907 4155 932 4207 ia
948 4161 1049 4206 tantum
1065 4152 1197 4225 Stephani
1202 4153 1310 4225 fratris
1323 4154 1412 4207 nostri
1426 4154 1565 4208 obstinatio

521 4254 587 4306 dara
598 4253 736 4325 prorupit.
753 4261 780 4305 at
796 4254 875 4305 etiam
891 4251 922 4303 de
936 4250 1090 4303 Marcionis
1105 4250 1235 4321 baptisma
1255 4296 1278 4305 ..
1295 4295 1319 4305 ..
1336 4296 1360 4305 ..
1381 4260 1406 4303 et
1421 4260 1565 4305 ceterorum

522 4350 758 4424 blasphemantium
775 4353 800 4402 ia
816 4349 903 4402 Deam
919 4347 1032 4402 Patrem
1047 4348 1187 4401 contradat
1195 4346 1273 4418 filios
1290 4348 1350 4401 Deo
1365 4349 1469 4403 nasa?

563 4458 577 4487 ¹¹
593 4449 692 4511 Abest,
707 4447 771 4502 Nun
782 4444 858 4522 palo,
875 4467 891 4504 a
905 4447 995 4503 MSS.
1041 4446 1158 4517 (Itidem
1174 4469 1189 4503 a
1205 4445 1298 4513 meis.)
