3900 5167
533 448 597 519 lta
764 444 1018 513 ARCHELAI
1043 444 1107 510 ET
1132 440 1354 511 MANETIS

533 634 610 695 erat
635 619 775 694 Joanne
801 625 837 693 in
863 646 972 716 regno
1000 621 1189 693 eaelorumt
1212 617 1332 701 tDioo,
1356 618 1462 690 absit.
1513 616 1576 687 Dic

533 765 617 834 ergo
640 741 675 808 in
697 762 779 831 quo,
797 748 838 809 ut
861 738 917 810 vel
945 748 982 809 te
1008 739 1122 830 ipsum
1148 756 1312 830 superare
1335 734 1470 829 possis?
1496 733 1577 806 Sine

534 856 641 925 dubio
669 856 784 923 minor
810 864 887 924 erat
911 852 1053 924 Joanne
1076 852 1183 923 Jesus
1209 854 1302 923 inter
1328 862 1432 923 natos
1457 850 1579 921 mulie

532 994 633 1052 rum;
659 973 695 1040 in
719 994 826 1062 regno
843 979 965 1041 autem
983 970 1148 1040 oaelorum
1166 970 1281 1062 major
1295 968 1358 1039 illo
1373 977 1463 1039 erat.
1515 965 1579 1036 Dio

534 1086 623 1155 mihi
648 1085 736 1155 illud
762 1087 882 1165 etiam,
899 1109 921 1154 o
946 1083 1208 1167 Maniohaee,si
1233 1086 1285 1155 ais
1300 1081 1487 1155 Christum
1514 1104 1580 1152 non

535 1224 610 1271 esse
628 1223 674 1269 ex
692 1198 809 1270 Maria
826 1209 960 1282 natum,
982 1197 1045 1271 sed
1069 1200 1271 1291 apparuisse
1288 1198 1435 1290 quidem
1458 1208 1501 1267 ut
1523 1196 1581 1266 ho·
1635 1210 1638 1215 ’

534 1318 677 1398 minem,
691 1338 772 1385 cum
790 1315 898 1385 homo
911 1337 983 1385 non
996 1323 1099 1396 esset,
1113 1324 1303 1406 praestante
1319 1314 1387 1385 hoc
1401 1323 1441 1383 et
1455 1322 1581 1407 agents

534 1435 676 1515 virtute,
694 1456 770 1525 quoe
787 1434 823 1501 in
842 1433 917 1524 ipso
934 1442 1010 1514 est3
1034 1429 1091 1501 dio
1108 1431 1206 1511 mihi,
1223 1451 1332 1523 super
1348 1453 1458 1523 quem
1475 1429 1581 1522 Spiri-

534 1561 592 1621 tus
608 1558 751 1620 sanotus
768 1550 860 1618 sicut
877 1548 1043 1619 columba
1060 1546 1267 1619 descendit?
1292 1547 1383 1630 Quis
1396 1557 1453 1618 eat
1466 1548 1580 1626 etiarn,

535 1666 595 1758 qui
613 1665 847 1757 baptizaturo
859 1658 1024 1735 Joannel
1048 1662 1105 1734 1Si
1125 1664 1303 1756 perfectus
1319 1673 1409 1748 erat,
1428 1663 1457 1735 si
1476 1659 1582 1733 Filius

534 1789 620 1863 erat,
639 1782 667 1851 si
684 1780 795 1849 virtus
812 1787 897 1860 erat
916 1802 987 1848 non
1005 1788 1146 1870 poterat
1158 1778 1314 1871 Spiritus
1330 1778 1480 1872 ingredi,
1494 1778 1581 1848 sium

534 1918 600 1968 nec
618 1919 766 1989 regnum
785 1903 903 1987 potest
919 1892 1057 1987 ingredi
1075 1893 1169 1965 intra
1185 1915 1345 1988 regnum.
1396 1893 1510 1986 Cujus
1526 1917 1582 1964 au·

535 2020 610 2080 tem
636 2012 669 2080 ei
695 2010 833 2081 caelitus
856 2010 984 2080 emissa
1007 2032 1077 2078 vox
1106 2009 1350 2079 testimonium
1378 2006 1510 2078 detulit
1533 2007 1581 2077 ‹li-

537 2147 639 2195 cens:
667 2122 760 2193 'Hic
782 2132 831 2193 est
845 2120 948 2215 filius
971 2146 1065 2192 meus
1086 2120 1239 2204 dilectus,
1257 2124 1293 2192 iu
1308 2146 1376 2216 quo
1392 2121 1475 2193 berse
1497 2145 1581 2193 com-

531 2237 654 2333 placui
667 2239 689 2307 a
714 2237 784 2307 Dic
812 2260 890 2331 age,
917 2237 1005 2307 nihil
1033 2240 1226 2322 remoreris,
1252 2235 1329 2329 quis
1349 2235 1413 2308 ille
1435 2246 1503 2321 est,
1526 2238 1581 2328 qui

537 2365 638 2448 parat
654 2355 728 2425 hacc
745 2355 873 2435 omnia,
887 2355 948 2443 qui
965 2354 1041 2447 agit
1059 2351 1248 2425 universa?
1276 2353 1478 2445 Responde,
1492 2353 1582 2422 itanc

537 2470 792 2563 blasphemiam
816 2493 879 2561 pro
900 2470 1037 2540 ratione
1058 2468 1456 2561 impudenterallegss,
1472 2478 1510 2539 et
1535 2470 1583 2538 in·

537 2587 629 2656 ferre
646 2586 834 2656 uconaris?

589 2700 630 2770 L.
659 2700 796 2771 Manus
831 2719 946 2781 n1xrr,
976 2698 1095 2769 Nemo
1123 2697 1279 2790 quidem,
1307 2701 1367 2790 qui
1398 2699 1583 2769 adversum

579 2921 588 2958 t
611 2917 683 2973 llaec
705 2917 799 2979 verba,
818 2918 878 2972 dico
896 2918 976 2979 alsit.
992 2917 1046 2972 nisi
1068 2918 1202 2972 mendum
1223 2918 1306 2972 sitin
1325 2918 1433 2982 codice,
1457 2918 1586 2975 sidentur

538 3021 671 3087 tanquam
687 3033 721 3070 ex
733 3014 859 3070 Manetis
875 3034 997 3087 persona
1012 3015 1047 3070 ab
1062 3015 1202 3070 Archelao
1217 3014 1334 3088 prolata.
1373 3015 1587 3089 (Distinguebat

538 3110 693 3166 Archelaus
714 3120 779 3184 post
793 3112 934 3166 minores!
953 3111 1028 3184 apud
1047 3110 1260 3184 evangelistam,
1273 3118 1408 3183 tanquam
1429 3111 1453 3168 si
1471 3112 1507 3169 de
1520 3112 1588 3168 Jesu

542 3206 650 3262 dictum
665 3208 720 3263 hoc
732 3208 840 3276 suerit.)

580 3310 596 3340 ¹¹
611 3301 689 3358 Male
704 3303 733 3357 in
747 3303 844 3358 codice
860 3300 1019 3365 Cannensi,
1035 3304 1147 3358 cumis.

581 3468 587 3491 ¹
613 3461 745 3537 [Vereor,
760 3474 791 3521 ut
806 3464 970 3540 mysterium
987 3464 1096 3521 Divinae
1110 3465 1315 3522 incarnationis
1329 3464 1399 3521 satis
1413 3473 1491 3522 recte
1502 3484 1589 3541 expo·

541 3562 628 3617 suerit
647 3562 813 3626 Archelaus,
838 3581 900 3618 cum
921 3562 1068 3628 hocloco,
1089 3571 1150 3618 tum
1172 3563 1201 3617 in
1222 3562 1422 3635 sequentibus;
1447 3563 1501 3618 etsi
1525 3563 1589 3619 alibi

540 3658 676 3725 docuerit,
692 3658 833 3714 Divinitus
853 3669 1022 3732 conceptum
1036 3660 1122 3715 fuisse
1137 3660 1293 3715 Dominum
1307 3659 1417 3722 Jesum,
1433 3669 1463 3716 et
1481 3660 1510 3715 in
1528 3680 1589 3734 cap.

541 3774 589 3828 34.
603 3756 725 3811 Mariam
737 3754 877 3829 virginem
890 3758 945 3812 Dei
954 3759 1111 3832 penitricem
1123 3761 1251 3812 θεοτόκον
1259 3757 1453 3831 appellaverit.
1477 3758 1589 3813 Etenim

540 3872 604 3908 curn
619 3853 716 3908 Verbo
731 3853 793 3917 Dei,
809 3854 884 3926 quod
899 3856 1012 3927 quidem
1027 3874 1115 3928 usque
1135 3855 1170 3910 ab
1184 3854 1246 3928 ipsa
1259 3854 1388 3927 Virginis
1403 3855 1589 3929 conceptione

541 3959 648 4005 naturae
668 3950 798 4006 humanae
824 3951 932 4007 unitum
953 3952 1054 4014 fuerat,
1078 3950 1200 4025 Spiritus
1224 3950 1345 4007 Sanctus
1366 3960 1498 4024 tempore
1520 3952 1587 4025 bap·

540 4047 616 4101 tismi
632 4046 790 4102 Servatoris
801 4047 876 4102 haud
891 4049 1116 4104 communicatus
1131 4057 1183 4112 est,
1199 4048 1249 4104 sed
1262 4049 1427 4120 ἀνθρωπίνως
1444 4058 1474 4103 et
1491 4052 1586 4103 olxovo·

540 4150 626 4212 μικῶς,
642 4144 844 4217 hominumque
859 4146 950 4218 gratia
965 4166 982 4201 a
997 4146 1112 4202 Christo
1128 4154 1267 4220 receptus.
1301 4146 1387 4200 Cous.
1405 4144 1437 4201 S.
1451 4146 1586 4220 Cyrillum

541 4240 624 4295 Alex.
642 4242 685 4295 De
699 4242 785 4296 Recto
802 4242 874 4296 Fide.
892 4260 939 4314 34.
955 4251 1024 4298 tom.
1039 4262 1063 4297 v.
1079 4252 1118 4316 pt.
1132 4243 1159 4298 ii.
1175 4262 1202 4316 p.
1217 4255 1280 4316 155.
1294 4241 1360 4297 edit.
1377 4242 1521 4314 huberti]

582 4337 681 4391 'lllnt
698 4338 735 4393 iii.
753 4355 796 4410 ¹7·
