3900 5167
730 703 1062 774 .LAURENT1US
1087 701 1364 768 ZACAGNIUS

561 886 815 944 PRAEFATIONE
832 888 886 943 AD
905 886 1182 943 COLLEOE'ANEA
1201 885 1544 943 MONUMENTORUM

973 997 1170 1060 VETERUM,

783 1160 886 1206 um'rh
903 1162 1007 1206 ROMA!
1022 1158 1116 1205 Anno
1131 1161 1321 1205 MDCXCVHI.

575 1280 710 1342 Pnrunn
733 1277 817 1341 inter
844 1277 913 1341 haeo
934 1284 1044 1341 vetera
1071 1282 1276 1341 monumenta
1300 1276 1405 1341 locum
1430 1276 1577 1341 obtinent

529 1386 605 1445 acta
619 1379 701 1443 binae
713 1377 940 1463 disputationis
950 1378 992 1442 ab
1005 1377 1164 1441 Archelao
1176 1376 1418 1462 Mesopotamia
1429 1377 1577 1463 episcopo

530 1501 601 1544 cum
621 1479 755 1543 Manete
776 1477 905 1541 nelariae
927 1477 1082 1541 haereseos
1103 1484 1243 1554 auctore,
1265 1477 1350 1561 apud
1374 1476 1493 1541 Carras
1513 1475 1577 1560 pri-

529 1603 625 1658 mum,
642 1580 757 1644 deinde
770 1579 805 1643 in
815 1578 1000 1643 Diodoridis
1013 1578 1090 1643 Vico
1104 1578 1232 1656 habitae,
1245 1600 1378 1664 quorum
1393 1576 1491 1643 editio
1506 1583 1577 1641 tum

529 1682 571 1747 ob
592 1682 735 1746 materiae
759 1680 991 1767 praestantiam,
1009 1687 1079 1745 tum
1097 1680 1138 1744 ob
1156 1680 1201 1744 rei
1220 1688 1320 1766 gestae
1339 1680 1575 1764 antiquitatem,

528 1784 761 1868 acceptissima,
777 1790 815 1848 ut
828 1782 979 1859 arbitror,
995 1782 1056 1847 illis
1070 1782 1142 1859 erit,
1154 1783 1207 1867 qui
1224 1782 1394 1848 Sacrorum
1411 1782 1576 1847 literarum

529 1889 636 1954 studio
650 1894 813 1953 tenentur.
859 1886 997 1968 Quinam
1010 1895 1085 1951 acta
1104 1885 1168 1952 ista
1188 1887 1314 1971 scriptis
1329 1884 1575 1971 consignaverit,

528 1988 614 2055 inter
636 1989 862 2075 Epiphaniam,
879 1988 1124 2073 Hieronymum,
1139 1997 1173 2054 et
1195 1986 1424 2054 Heraclianum
1445 1988 1576 2053 Ohalce-

529 2094 701 2158 donenscm
715 2093 899 2179 episcopum
913 2113 979 2155 non
993 2090 1150 2155 convenit.
1185 2090 1322 2155 Sanctus
1335 2092 1420 2155 enim
1435 2090 1575 2175 Epipha-

528 2195 600 2260 nius
614 2195 647 2258 in
664 2193 789 2259 Haeresi
803 2194 878 2259 lxvi.
896 2215 967 2278 quae
983 2189 1235 2257 Manichaeorum
1250 2199 1311 2270 est,
1322 2214 1408 2256 num.
1421 2192 1486 2255 xxi.
1502 2214 1574 2256 xxv.

529 2303 563 2361 et
583 2296 682 2359 xxxii.
705 2303 740 2360 et
762 2294 795 2359 S.
813 2294 1031 2379 Hieronymus
1052 2294 1093 2357 de
1113 2292 1328 2378 Scriptoribus
1345 2293 1576 2358 Ecclesiastiois

529 2398 685 2484 caplxxii.
697 2396 893 2462 Archelaum
901 2396 1014 2481 ipsum,
1021 2417 1092 2481 quae
1101 2396 1510 2480 coramdeleotisjudicibus
1519 2396 1576 2460 ad-

529 2522 640 2565 versus
648 2500 816 2564 Manetem
826 2498 986 2576 disseruit,
996 2498 1117 2583 scripto
1128 2498 1298 2562 tradidisse
1308 2504 1434 2582 putant.
1472 2497 1577 2563 Hera-

529 2599 651 2664 olianus
665 2622 740 2664 vero
754 2599 1021 2665 Chalcedonensis
1031 2599 1195 2683 opiscopus
1210 2598 1243 2661 iu
1257 2599 1356 2677 libris,
1370 2620 1449 2683 quos
1464 2606 1577 2663 contra

531 2700 727 2767 Manichaeos
742 2701 938 2786 conscripsit,
955 2698 1189 2786 Hegemonium
1206 2702 1365 2786 quendam
1381 2701 1506 2764 illorum
1520 2723 1576 2766 au-

530 2810 654 2868 ctorem
667 2803 763 2868 luissc
775 2802 907 2868 censuit.
935 2802 1099 2887 Siquidem
1109 2802 1245 2867 Photius
1255 2802 1288 2866 in
1299 2824 1365 2867 suae
1376 2802 1576 2868 bibliothecae

530 2903 638 2967 codice
657 2925 773 2966 xxxxv.
796 2903 911 2967 horum
932 2902 1119 2969 Heracliani
1141 2903 1294 2968 librorum
1319 2912 1471 2988 excerpta
1494 2904 1576 2968 rele-

529 3026 613 3082 rens,
636 3004 772 3068 eundem
794 3004 1031 3083 Heraclianum,
1051 3005 1110 3083 ait,
1125 3004 1158 3069 in
1181 3006 1381 3070 confutandis
1403 3004 1577 3070 Manichae-

531 3118 621 3169 orum
646 3105 816 3183 erroribus,
840 3127 933 3171 usum
955 3106 1052 3171 luisse
1077 3107 1158 3172 actis
1180 3106 1402 3191 disputationis
1425 3107 1577 3173 Archelai

530 3206 668 3291 episcopi
683 3228 756 3271 cum
768 3206 912 3285 Manete,
922 3208 964 3273 ab
977 3205 1178 3293 Hegemonio
1188 3207 1383 3291 conscriptis.
1416 3207 1461 3271 Et
1473 3206 1578 3273 Hera·

530 3307 625 3372 cliani
650 3309 778 3393 quidem
803 3309 996 3374 sententiam
1025 3310 1213 3374 confirmare
1237 3308 1383 3373 videntur
1408 3314 1483 3373 acta
1507 3309 1578 3393 ipsa

531 3408 767 3493 disputationis,
783 3410 816 3473 in
831 3409 945 3494 quibus
960 3432 1029 3495 cap.
1045 3410 1154 3473 xxxix.
1170 3410 1238 3474 haec
1253 3409 1393 3495 legimus.
1428 3410 1579 3489 Quoniam

531 3531 598 3573 cero
613 3510 738 3595 plausit
760 3510 911 3575 Marcello
932 3510 1165 3596 dapmnum
1187 3510 1267 3574 lanc
1288 3511 1397 3595 excipi,
1419 3520 1507 3595 utque
1528 3510 1578 3575 de

531 3610 634 3688 scili,
645 3612 848 3677 certmdieere
857 3613 1024 3697 corporei,
1036 3614 1161 3694 confictu
1171 3611 1208 3676 de
1221 3611 1399 3696 emunitate
1411 3611 1577 3697 degrediare,

530 3711 612 3795 qaod
624 3713 745 3777 venian
757 3711 883 3788 dudem
897 3713 926 3776 si
939 3710 1017 3797 qaid
1029 3713 1212 3797 inperitum,
1228 3722 1284 3776 cut
1303 3712 1449 3776 maliem
1461 3712 1580 3777 conch!

531 3810 650 3889 naen·
674 3815 727 3879 too
740 3814 820 3879 mim
834 3824 953 3878 amm
966 3824 1018 3891 nt,
1034 3813 1284 3899 pedonensi
1301 3823 1334 3878 nt
1354 3815 1400 3878 ra·
1411 3824 1500 3899 qaue
1514 3836 1578 3899 coy-

530 3915 607 3980 nt'tio
620 3917 785 3981 studiosus
799 3938 939 4003 qesernque
952 3937 1011 3980 nea
1025 3915 1127 3982 lateat.
1160 3916 1204 3982 Et
1219 3916 1334 3981 clarius
1348 3917 1381 3979 in
1395 3918 1579 3981 eorumdem

531 4038 602 4105 cap.
614 4017 742 4094 ultimo;
762 4016 876 4099 Quidue
883 4028 990 4105 posteo
1003 4020 1116 4104 wudu
1125 4018 1295 4084 Archelaus
1305 4018 1418 4103 ach'eee't
1427 4040 1463 4082 ea
1472 4020 1580 4103 priori

531 4116 741 4203 disputmioai,
757 4128 791 4183 at
811 4117 947 4184 numidas
967 4119 1163 4199 innotesceret,
1178 4121 1255 4185 sinet
1276 4143 1334 4205 eye,
1350 4120 1404 4206 qui
1424 4120 1578 4204 immpsi,

530 4219 567 4284 ia
581 4218 740 4305 petendas
758 4221 890 4307 erpetui.
936 4222 1112 4287 Verisimile
1126 4222 1210 4286 enim
1229 4245 1293 4287 non
1315 4231 1365 4287 est
1384 4222 1579 4287 Archelaum

531 4319 580 4388 ita
600 4322 742 4388 locutum
760 4322 910 4402 luisse,si
931 4323 1076 4410 ipsemet,
1092 4346 1162 4409 quae
1184 4346 1268 4389 nuno
1288 4324 1454 4400 habemus,
1472 4323 1579 4408 dispu-
