3900 5167
605 450 848 514 RESPONSA
873 450 940 511 AD
963 447 1228 512 EPISCOPOS.
1371 447 1435 511 247

385 627 533 696 diversa
560 648 615 696 res
641 634 735 694 sunt.
787 622 826 692 Si
851 623 962 714 iniqui
990 622 1123 691 habent
1149 620 1333 712 baptisma,
1345 620 1435 711 justi

387 764 459 810 non
489 739 643 810 habent:
669 740 698 808 si
729 747 849 807 autem
876 738 965 829 justi
996 736 1141 819 habent,
1168 736 1278 827 iniqui
1308 735 1437 805 habero

388 880 459 926 non
486 865 641 948 possunt.
693 854 853 923 Dubium
881 863 1002 922 autem
1029 876 1100 921 non
1126 861 1191 933 est,
1203 853 1320 943 justos
1345 850 1438 921 solos

388 973 603 1063 baptismum
626 969 756 1039 Christi
783 970 972 1060 possidere,
998 968 1059 1060 qui
1084 967 1149 1037 soli
1176 968 1378 1059 possideant
1401 976 1439 1036 et

388 1086 537 1180 gratiam
558 1083 688 1154 Christi
707 1093 745 1152 et
764 1084 959 1152 veritatem.
1015 1084 1096 1153 Hoc
1113 1091 1211 1153 certe
1229 1082 1355 1152 falsum
1374 1091 1437 1163 est,

389 1201 461 1271 illis
477 1223 618 1292 quoque
631 1199 837 1269 fatentibus.
866 1197 915 1268 Et
932 1198 984 1267 illi
1003 1200 1134 1291 quippe
1151 1198 1260 1267 invidi
1279 1198 1338 1289 qui
1356 1207 1440 1268 sunt

390 1325 559 1406 exparte
584 1314 716 1384 diaboli
740 1319 793 1382 'et
815 1315 911 1384 intus
933 1315 1051 1405 positi,
1072 1314 1164 1384 sicut
1190 1313 1277 1383 dicit
1295 1313 1440 1405 Cypria·

390 1455 468 1512 nus,
485 1443 593 1522 atque
610 1428 793 1520 tapostolo
811 1428 925 1498 Paulo
943 1431 1128 1511 notissimi,
1146 1430 1361 1521 baptismum
1380 1428 1441 1499 ha

392 1548 544 1629 bebant3
562 1569 628 1615 nea
646 1544 690 1614 ad
708 1545 870 1614 membra
886 1545 982 1614 illius
999 1544 1171 1615 columbae
1188 1568 1269 1636 quae
1286 1545 1322 1614 in
1341 1553 1441 1635 petra

391 1670 471 1730 tuta
488 1672 542 1731 est
560 1660 794 1752 pe1tinebant.

442 1780 642 1873 Adelphius
660 1803 682 1850 a
697 1779 888 1849 Thasbalts
908 1780 1020 1849 dixit:
1047 1778 1134 1851 Sina
1159 1802 1279 1849 caussa
1305 1778 1565 1872 qaidcmcim.

380 1893 482 1989 salio
498 1905 530 1965 et
546 1895 717 1967 invidioso
734 1892 832 1966 acrba
850 1895 1053 1990 impapnant
1070 1895 1255 1977 veritatem,
1270 1901 1308 1965 at
1324 1892 1443 1989 rebap-

392 2011 503 2082 tizare
525 2035 587 2083 noa
612 2011 740 2093 dicant,
757 2009 895 2104 qaaado
914 2008 1072 2081 Ecclesia
1097 2008 1275 2082 haecatc'coa
1300 2033 1369 2080 aaa
1389 2033 1444 2081 re-

392 2123 549 2221 baptizet,
567 2127 628 2198 aed
642 2126 798 2220 baptizet.
1145 2208 1150 2216 .

443 2241 560 2313 Immo
586 2266 669 2313 vero
694 2242 800 2311 modo
831 2264 901 2311 uon
931 2243 1148 2334 rebaptizat3
1174 2244 1256 2334 quia
1285 2241 1351 2310 nisi
1381 2262 1443 2309 eos

393 2359 454 2448 qui
475 2359 645 2450 baptizati
669 2381 740 2426 non
763 2368 859 2439 sunt,
876 2380 947 2426 non
966 2359 1143 2449 baptizat3
1171 2381 1277 2450 quam
1295 2378 1444 2427 consus·

395 2472 554 2543 tudinem
566 2475 776 2544 anteriorem
788 2481 972 2564 perspecta
983 2472 1188 2565 diligentius
1196 2474 1324 2542 veritas
1334 2473 1442 2541 atium

395 2586 544 2657 concilio
562 2590 755 2680 posteriore
771 2588 935 2658 firmavit.

447 2703 651 2775 Demetrius
676 2729 698 2776 a
724 2704 964 2797 Lepti-minus
992 2703 1102 2775 dixit:
1135 2702 1250 2776 Unam
1278 2703 1510 2799 baptismacn
1526 2735 1568 2784 ⁴3·

396 2843 459 2889 aaa
475 2819 695 2904 custodimus,
708 2820 790 2916 qaia
802 2816 968 2890 Ecclesia
985 2817 1160 2891 catholica
1175 2820 1242 2892 sati
1258 2845 1329 2892 cem
1347 2844 1444 2891 auam

397 2934 620 3008 vindicamus.
674 2935 744 3025 Qui
761 2945 872 3007 autem
896 2934 1016 3006 dicuat
1040 2936 1123 3030 qaia
1141 2934 1294 3007 Icoecetici
1316 2960 1393 3008 ocra
1414 2945 1447 3007 ct

396 3046 545 3144 lepitimc
571 3049 757 3145 baptizant,
775 3051 845 3145 ipsi
868 3059 948 3121 aaut
971 3052 1033 3145 qai
1052 3073 1121 3121 naa
1139 3050 1240 3133 zdcco,
1256 3050 1318 3121 scd
1339 3049 1446 3122 malta

398 3161 600 3257 baptismata
605 3164 773 3260 saciant:
800 3189 880 3236 nam
898 3189 974 3237 cum
992 3163 1136 3236 hareses
1152 3165 1269 3238 malta
1284 3167 1364 3249 aiat,
1377 3189 1446 3261 pro

397 3304 515 3352 cacam
534 3306 675 3353 numero
693 3293 724 3354 ct
741 3281 945 3378 baptismata
961 3281 1252 3377 computabantur.

450 3397 547 3469 Huic
564 3400 816 3492 respondetur:
845 3399 884 3469 Si
902 3400 953 3469 itu
969 3409 1035 3480 est,
1046 3409 1100 3469 tot
1114 3422 1199 3493 ergo
1216 3410 1449 3470 numerentur

399 3516 620 3607 baptismata,
648 3527 736 3607 quot
765 3525 847 3585 sunt
878 3538 985 3608 opera
1013 3517 1138 3596 carnis,
1167 3516 1211 3585 de
1240 3517 1368 3607 quibus
1397 3518 1448 3587 ait

399 3629 607 3722 Apostolus,
633 3633 797 3722 quoniam
833 3632 894 3723 qui
924 3631 1011 3701 talia
1044 3641 1166 3723 agunt,
1195 3655 1342 3725 regnum
1378 3634 1445 3703 Dei
1457 3659 1611 3710 sama

399 3767 470 3813 non
489 3747 734 3836 possidebunt:
763 3749 856 3817 inter
873 3771 949 3838 quae
972 3759 1205 3817 numeruntur
1227 3758 1265 3818 et
1291 3749 1448 3831 haereses,

440 3954 455 3998 ,ν
472 3942 506 3998 ln
521 3944 687 4016 quibusdum
707 3944 796 4008 libris,
811 3954 892 4019 atque
912 3946 1051 4020 apostolas
1067 3946 1179 4009 Paulas,
1195 3947 1361 4001 notissimam
1385 3946 1449 4022 bap·

400 4040 516 4095 tiamam.

444 4138 521 4196 zSic
545 4142 605 4195 Am.
634 4140 682 4195 Er.
708 4147 736 4195 et
760 4157 859 4195 omues
884 4140 931 4194 hic
954 4138 1044 4195 MSS.
1087 4142 1124 4195 At
1146 4139 1216 4195 Lov.
1239 4150 1266 4197 et
1290 4144 1375 4216 Cypr.
1397 4160 1448 4197 icon

401 4256 492 4293 unam.

685 4349 692 4370 ¹
711 4342 769 4413 [Ex
781 4342 871 4398 altero
887 4360 950 4398 meo
961 4340 1025 4397 MS.
1038 4341 1158 4416 addidi]
