3900 5167
789 471 1095 538 DISPUTATIO.
1398 475 1461 545 149

416 645 527 717 rolom
556 641 716 738 bputrem
747 669 810 738 pro
840 654 1001 738 respectu
1033 644 1262 717 hereditatis?
1285 644 1345 716 Ito
1374 648 1461 717 mihi

416 760 688 855 intelligendum
706 771 770 844 est,
788 762 1015 854 magnifieum
1029 762 1099 831 Dei
1116 759 1290 831 famulum
1307 759 1460 855 Moysen

416 877 615 947 ⁰invenisse
631 876 802 970 populum
819 876 991 948 offliotum
1013 877 1058 946 ob
1075 874 1263 969 AEgyptiis
1279 900 1385 968 quem
1407 901 1461 949 us-

416 1002 596 1084 snmptum
614 992 794 1062 nutriebat
810 994 847 1062 in
865 994 1005 1063 desorto
1021 988 1212 1084 dtunquam
1228 1000 1337 1085 poter,
1356 994 1460 1066 doco-

416 1103 475 1176 bst
493 1115 535 1176 ut
551 1108 731 1201 magister,
748 1107 894 1200 regebat
911 1115 953 1176 nt
968 1115 1095 1177 reotor.
1146 1104 1376 1177 Conservovit
1398 1131 1460 1200 po-

416 1218 548 1313 pulum,
565 1245 748 1314 usquequo
766 1222 901 1293 veniret
918 1223 1018 1314 cujus
1043 1229 1117 1304 est;
1144 1230 1182 1292 et
1202 1230 1283 1313 post
1302 1222 1460 1315 aliqnan-

416 1344 492 1405 tnm
513 1345 655 1428 tempus
679 1337 868 1407 adveniens
894 1346 996 1428 putor
1022 1358 1105 1407 oves
1133 1338 1277 1428 recepit.
1329 1338 1459 1411 Nonne

416 1471 476 1541 per
504 1452 624 1520 omnin
650 1449 880 1520 honorabitur
904 1450 1047 1542 quidem
1076 1450 1122 1520 nb
1147 1474 1200 1533 oo,
1226 1452 1284 1520 oui
1314 1452 1460 1523 tradidit

416 1587 579 1658 gregem
603 1563 811 1659 gloriabitur
826 1588 910 1634 vero
926 1565 972 1636 ub
989 1566 1042 1648 iis,
1060 1566 1121 1657 qui
1138 1565 1184 1636 ab
1201 1588 1245 1636 eo
1261 1566 1457 1636 conservati

416 1678 520 1749 sunt?
543 1680 632 1764 Quis
657 1681 766 1774 igitur
790 1681 841 1751 itu
863 1681 993 1751 montis
1016 1682 1144 1751 insanae
1167 1691 1275 1762 esto
1301 1681 1455 1752 dilectis·

416 1796 502 1867 sime
519 1794 685 1879 Diodoro,
704 1804 746 1866 ut
762 1794 896 1867 alienos
914 1819 937 1866 u
953 1819 992 1867 ss
1015 1797 1110 1867 diost
1126 1818 1196 1879 eos,
1215 1797 1276 1889 qui
1303 1798 1396 1868 inter
1417 1821 1455 1869 so

416 1910 592 2004 sonjunoti
626 1920 720 1993 sunt,
748 1911 807 2001 qui
838 1934 902 2002 pro
931 1933 969 1981 se
1003 1910 1155 1982 invicem
1189 1912 1454 2003 prophetarunt,

416 2028 491 2120 ‘qni
516 2026 671 2119 aequslis,
689 2035 727 2097 et
744 2026 811 2097 sibi
836 2025 975 2111 similis,
991 2036 1100 2119 utque
1125 2035 1287 2120 cognato,
1305 2029 1377 2099 imo
1394 2052 1456 2121 po-

416 2145 483 2213 tius
506 2165 676 2236 germano
697 2143 807 2235 signo,
824 2166 865 2212 no
889 2142 1048 2235 prodigia
1072 2142 1380 2214 demonstrarunt?
1407 2145 1456 2215 Et

416 2258 686 2350 primoquidem
709 2254 852 2349 Moyses
877 2257 922 2326 ud
948 2255 1118 2348 populum
1144 2256 1254 2328 dixit:
1283 2254 1456 2352 'Prophe-

416 2382 480 2444 tum
506 2372 599 2444 uobis
623 2370 799 2444 nodutis
822 2370 998 2443 Dominus
1018 2369 1117 2442 Deus
1139 2380 1254 2441 noster
1275 2372 1363 2443 sicut
1393 2397 1455 2445 me.

416 2490 516 2561 iesus
539 2490 667 2560 deinde
691 2491 754 2572 nit,
773 2490 833 2559 'de
857 2511 917 2558 me
940 2485 1037 2557 enim
1054 2486 1200 2581 Moyses
1226 2488 1366 2561 locutus
1389 2502 1454 2562 est.

416 2601 542 2678 fvidos
576 2607 753 2698 quomodo
790 2606 955 2676 dexteros
996 2604 1062 2675 sibi
1104 2606 1256 2675 invioom
1300 2607 1455 2692 tradunt,

416 2724 592 2814 ¹qunmvis
613 2722 704 2792 ultor
729 2721 912 2813 propheto,
928 2718 1037 2791 ’ulter
1054 2742 1137 2791 vero
1156 2719 1266 2791 Filius
1286 2722 1333 2792 sit
1349 2722 1457 2795 diloo-

416 2846 489 2919 tns3
511 2837 603 2908 ultor
618 2837 731 2908 fidelis
748 2836 914 2920 famulus,
930 2836 1022 2905 alter
1038 2859 1121 2905 vero
1138 2835 1316 2907 Dominus
1332 2861 1456 2931 ugnos·

416 2963 520 3025 ntur.
572 2953 644 3025 Sed
661 2963 699 3024 et
716 2953 904 3045 quondum,
922 2951 1044 3022 volens
1061 2952 1139 3043 quis
1159 2952 1235 3022 sino
1261 2953 1455 3048 paedsgogo

416 3072 460 3140 ire
477 3069 523 3138 sd
539 3068 686 3149 scholas,
704 3091 775 3139 non
791 3068 982 3158 suscipitur
997 3090 1019 3138 u
1033 3067 1203 3160 magistro
1217 3068 1369 3151 dicento,
1383 3092 1454 3141 non

416 3208 491 3256 sum
506 3183 702 3276 suscipiam,
720 3184 786 3253 nisi
803 3184 979 3275 occeperit
1001 3184 1242 3277 paedsgogum.
1294 3183 1383 3266 Quis
1408 3186 1455 3256 sit

448 3353 465 3399 Β
486 3357 587 3414 Codex
606 3356 764 3422 Bobiensis,
780 3364 889 3431 putrem
904 3364 1061 3431 prospectu.
1099 3356 1138 3412 Et
1158 3374 1234 3421 mox,
1249 3356 1314 3413 mibi
1334 3357 1455 3434 intelliqe

416 3456 588 3529 wauton·

448 3563 463 3596 c
477 3550 556 3609 Male
571 3551 743 3619 Cusinensis,
757 3551 869 3607 uesieu.

448 3647 465 3694 d
486 3649 636 3707 Bobiensis
656 3648 752 3714 habet,
767 3657 894 3723 tunquam
911 3657 993 3723 puter
1006 3648 1144 3704 educabat.
1182 3646 1220 3703 Ut
1233 3647 1363 3722 mauister
1377 3668 1452 3725 reye-

416 3748 453 3805 δαὶ
473 3758 500 3805 et
520 3746 694 3804 conservabat
710 3746 842 3821 populum
862 3750 907 3809 uc.
942 3745 984 3801 Et
1002 3753 1141 3819 cumpost
1163 3744 1330 3819 aliquantum
1351 3754 1454 3821 tempus

416 3848 549 3904 moion
558 3852 642 3919 puer
649 3846 780 3918 proprius
793 3860 855 3898 oves
868 3843 979 3916 recepit.
1018 3841 1096 3914 (For.
1107 3842 1237 3915 proprius
1250 3841 1452 3916 recipiendum.

416 3944 446 4001 tt
463 3951 562 4019 postor
575 3959 627 4016 pro
638 3948 721 4017 pater
733 3939 818 3997 velim
837 3939 942 4013 legere,
958 3957 1023 3995 cum
1038 3938 1177 3995 excidisse
1192 3938 1284 4012 nliquu
1298 3946 1363 4013 post
1377 3941 1454 4013 cujus

416 4050 449 4097 ut
465 4039 639 4106 videantur.)

449 4153 462 4184 θ
484 4139 583 4196 Codex
606 4136 679 4195 Bob.
695 4138 739 4211 qui
760 4134 882 4209 equalis,
897 4143 975 4209 atque
996 4142 1119 4210 coquum.
1154 4134 1237 4197 Mox,
1253 4133 1290 4188 ud
1305 4136 1432 4209 populum
1442 4166 1452 4207 ,-

416 4237 582 4312 Prophetam.

449 4332 550 4390 ‘Male
565 4329 728 4386 casinensis
742 4330 841 4392 codex,
860 4328 943 4384 Unde.
1026 4337 1042 4380 8
1057 4326 1134 4382 Male
1150 4326 1321 4391 casinensis,
1336 4347 1424 4402 quom.

452 4486 458 4508 ¹
473 4481 556 4537 Dent.
572 4477 648 4534 xviii.
661 4477 706 4535 18.
819 4480 827 4503 ¹
841 4474 924 4531 Joan.
940 4494 967 4529 v.
984 4472 1032 4544 46.
1141 4478 1150 4509 ³
1169 4472 1256 4545 [Heb.
1272 4471 1308 4527 iii.
1325 4487 1352 4545 5,
1366 4474 1408 4546 6.]
