3900 5167
821 443 1132 509 DISPUTATIO.
1436 441 1499 506 163

452 625 576 709 postea
608 615 721 710 egerit
754 615 959 687 edversariae
993 615 1102 707 partis
1132 614 1302 683 minister.
1358 612 1500 684 Incolu-

451 755 549 804 mem
574 741 612 802 te
637 732 763 814 anima,
782 741 820 801 et
845 732 971 824 spiritu
998 730 1176 801 custodiet
1193 728 1315 801 ¹¹Deus
1341 732 1501 823 omnipo·

451 856 541 918 tens.

501 960 625 1034 XLV.
652 961 813 1055 Accepta
838 961 904 1033 hac
925 963 1076 1055 epistola
1091 962 1277 1045 Diodorus,
1296 970 1333 1032 et
1350 960 1501 1031 collecto

450 1100 498 1148 ex
528 1100 572 1147 ea
601 1099 715 1162 sensu,
740 1078 901 1150 conflixit
930 1079 1096 1148 adversus
1122 1078 1283 1159 Manem,
1306 1079 1358 1148 ite
1387 1085 1427 1146 ut
1457 1077 1502 1147 ab

450 1193 617 1264 omnibus
634 1194 903 1276 collaudaretur,
922 1193 1016 1286 quod
1035 1192 1232 1287 diligenter,
1245 1202 1282 1263 et
1299 1201 1504 1285 competen-

450 1317 508 1377 ter
525 1309 731 1391 ostendcrit,
750 1309 900 1379 duorum
918 1316 1223 1391 testamentorum,
1246 1317 1354 1400 etque
1375 1307 1505 1378 utrius·

449 1446 522 1516 que
533 1433 552 1483 1
558 1422 647 1518 legis
664 1426 758 1495 inter
774 1447 850 1495 sese
863 1424 1122 1517 cognationem.
1148 1421 1256 1493 Plura
1268 1424 1376 1493 etiem
1391 1445 1436 1492 ex
1451 1444 1504 1491 se-

450 1541 607 1632 metipso
622 1541 815 1623 inveniens,
828 1539 961 1631 objecit
978 1540 1011 1609 ei
1025 1537 1140 1610 valida
1156 1538 1254 1610 valde
1269 1547 1306 1609 et
1319 1539 1424 1610 fortia
1439 1561 1504 1632 pro

453 1656 615 1726 veritate.
668 1654 852 1726 Conclusit
869 1656 977 1725 etiam
997 1654 1234 1725 adversarium
1249 1653 1427 1725 Diodorus
1438 1664 1505 1725 ¹ex

452 1770 668 1854 nominibus,
686 1772 807 1842 dicens
824 1773 897 1856 ita3
924 1768 1060 1842 Dixisti
1085 1772 1156 1842 duo
1182 1793 1258 1842 esse
1282 1780 1505 1853 testamenta,

453 1887 511 1958 dic
537 1910 623 1981 ergo
651 1888 721 1957 duo
747 1910 823 1959 esse
844 1896 974 1970 vetera,
992 1898 1055 1958 eut
1081 1888 1152 1958 duo
1178 1888 1292 1959 novo?
1336 1888 1505 1980 Ejusdem

454 2001 550 2072 enim
580 2005 758 2095 temporis,
790 2001 846 2073 vel
876 2004 995 2096 potius
1029 2004 1251 2087 aeternitatis,
1282 2003 1352 2073 duo
1382 2004 1506 2074 usseris

454 2140 531 2188 esse
564 2119 741 2213 ingenita3
777 2128 816 2190 et
846 2121 874 2190 si
910 2120 981 2190 duo
1012 2128 1106 2202 sunt,
1136 2118 1207 2189 duo
1237 2141 1313 2190 esse
1341 2127 1506 2212 *oportet

456 2242 577 2303 veteru
593 2242 817 2316 testamenta,
834 2245 897 2304 eut
914 2236 986 2305 duo
1006 2257 1107 2305 nova.
1159 2233 1265 2318 Quod
1290 2235 1318 2305 si
1341 2235 1409 2304 hoc
1432 2258 1505 2304 non

455 2349 552 2430 dicis,
570 2351 632 2420 sed
650 2373 760 2420 unum
778 2373 855 2422 esse
872 2360 985 2434 vetus,
1003 2359 1039 2421 et
1063 2349 1160 2421 aliud
1185 2372 1327 2431 novum,
1345 2344 1505 2419 brursum

457 2485 547 2535 unus
565 2465 748 2555 utriusque
770 2475 896 2536 auctor
911 2467 1120 2549 ostenditur,
1137 2474 1175 2536 et
1198 2466 1274 2558 ejus
1298 2487 1375 2536 esse
1393 2474 1504 2542 vetus,

456 2579 558 2669 cujus
574 2587 613 2648 et
627 2603 771 2663 novum,
789 2581 1042 2674 consequentia
1064 2583 1140 2674 ipsa
1156 2581 1319 2651 cedocet:
1346 2580 1458 2650 veluti
1476 2581 1505 2652 si

457 2696 535 2787 quis
553 2696 648 2766 dicet
665 2692 832 2779 dhomini,
850 2697 929 2768 loce
948 2697 1036 2768 mihi
1054 2706 1211 2769 veterem
1230 2699 1376 2768 domum
1393 2707 1505 2783 tuam,

457 2819 596 2881 ‘nonne
620 2834 684 2905 per
708 2811 777 2882 hoc
802 2812 910 2884 etiem
935 2835 1039 2884 novae
1065 2813 1191 2883 domus
1217 2812 1399 2882 dominum
1422 2836 1504 2883 eum

457 2948 533 2998 eme
550 2928 781 3019 pronunciet?
808 2928 888 3000 Aut
908 2952 1047 3000 rursum
1070 2929 1100 3001 si
1124 2929 1219 3000 dicat
1237 2930 1281 3012 ei,
1299 2951 1426 3000 novem
1444 2931 1506 3001 do-

457 3062 557 3112 mum
582 3051 682 3115 tuom
706 3052 832 3138 preste
855 3044 964 3127 mihi;
991 3066 1108 3115 nonne
1127 3045 1253 3115 eodem
1271 3044 1379 3114 verbo
1396 3046 1505 3117 ctiam

499 3241 511 3269 ¹
527 3231 629 3290 Codex
644 3232 816 3302 Catinensis,
831 3232 908 3290 Deus
920 3233 1048 3290 omnium.

498 3339 514 3384 t
527 3328 607 3387 Male
616 3330 779 3388 casinensis
794 3330 894 3396 codex,
904 3329 973 3405 ἱερὴ
986 3331 1072 3387 inesse
1084 3331 1271 3405 coercitionem.
1297 3332 1376 3389 Male
1389 3340 1419 3389 et
1432 3331 1507 3389 intra

461 3426 610 3484 Bobiensis
631 3430 747 3494 veniens,
762 3428 867 3502 objecit.
910 3428 969 3486 Sed
990 3438 1020 3485 et
1040 3427 1205 3486 casinensis
1225 3448 1286 3504 pro,
1306 3430 1412 3503 objecit,
1431 3430 1506 3487 mule

460 3522 546 3580 habet
559 3524 673 3596 objecto.

498 3619 658 3678 zRidicule
671 3630 715 3679 est
727 3622 775 3679 hic
789 3622 938 3680 Bobiensis
959 3622 1065 3679 codicis
1085 3621 1180 3688 lectio,
1195 3622 1224 3679 in
1243 3642 1299 3697 quo
1317 3621 1457 3689 scribitur,
1473 3644 1507 3681 ec

461 3716 589 3784 temdus,
611 3736 627 3774 e
648 3728 749 3776 contre
768 3719 932 3777 Cusinensis
953 3739 1019 3777 mox
1040 3720 1137 3788 habet,
1152 3720 1242 3776 dicens
1262 3721 1310 3786 ita,
1331 3721 1411 3786 dicit,
1433 3722 1507 3780 mela

460 3811 557 3868 itidem
571 3812 666 3870 lectio.

499 3915 516 3949 ⁸
530 3905 602 3966 cod.
618 3907 735 3967 Bobien.
751 3920 856 3988 oportet
869 3921 895 3968 et
908 3920 1009 3969 vetere

499 3998 516 4044 b
530 4003 609 4062 Male
623 4005 755 4064 casinen.
769 4026 868 4065 rursus
881 4008 967 4064 ornnie
979 4008 1132 4085 utriusque.

501 4109 514 4142 ⁰
527 4100 628 4160 Codex
643 4103 816 4170 casinensis,
831 4106 935 4162 docent.

502 4193 514 4230 ‘³
533 4197 600 4256 Haec
625 4208 669 4257 est
683 4200 832 4257 Bobieneis
852 4199 958 4257 codicis
977 4199 1062 4257 lectio
1071 4220 1081 4268 ;
1103 4219 1170 4256 nem
1184 4200 1213 4255 in
1229 4198 1377 4258 Cesinensi
1391 4212 1444 4268 est,
1459 4204 1507 4259 Ιιο.

463 4297 525 4353 mini
538 4296 617 4353 diuiti
629 4298 704 4363 miti,
720 4298 798 4355 nullo
812 4317 906 4355 sensu.
950 4298 1046 4363 Forte,
1061 4297 1166 4354 dimitte
1178 4297 1254 4355 miti.

503 4403 515 4434 θ
531 4392 630 4450 Codex
644 4395 766 4452 Bobien.
781 4413 833 4452 nort
845 4414 895 4470 per
903 4418 913 4463 ;
936 4394 986 4451 sed
1000 4394 1030 4451 in
1044 4413 1102 4468 seq.
1118 4394 1205 4452 habet
1218 4414 1311 4452 noum.

956 4510 978 4549 Y
995 4508 1013 4553 2
