3900 5167
517 452 582 517 236
883 455 914 516 S.
934 452 1201 517 AUGUSTINI

517 626 580 710 dit,
597 626 664 697 sibi
681 625 777 697 tollit.
832 626 959 700 Ccnsco
981 628 1097 720 ithac
1106 623 1239 718 flebiles
1256 634 1287 695 ct
1304 623 1438 696 tabidos
1455 622 1557 696 larc-

517 744 601 815 ticos
618 742 839 837 baptizandos
863 766 932 813 cssc
957 767 1031 813 cant
1056 742 1103 812 ad
1118 740 1307 813 Ecclesiam
1325 743 1443 812 venire
1458 765 1558 837 capa-

517 859 600 940 n'nt,
621 854 667 928 ‘ct
687 882 788 929 sacra
804 867 836 929 at
852 858 973 928 divina
989 856 1160 928 lavatione
1176 855 1271 938 lotos,
1289 865 1321 927 ct
1337 854 1468 927 lamina
1484 856 1559 928 nita

516 972 739 1059 illuminatas,
757 997 825 1044 non
848 971 966 1056 hostes,
984 972 1045 1043 scd
1064 972 1237 1067 paceficos,
1254 994 1324 1042 non
1346 969 1561 1052 alienasset

506 1088 597 1182 fidei
610 1088 757 1160 Domini
773 1088 982 1171 domesticos,
1000 1110 1069 1157 non
1086 1085 1289 1168 &alannae
1301 1084 1363 1156 scil
1374 1085 1447 1156 Dei
1453 1085 1557 1180 filios,

516 1227 585 1273 non
611 1204 751 1285 naonis,
775 1203 836 1273 secl
859 1202 981 1273 solatis
1006 1200 1145 1297 effrenos
1163 1201 1201 1270 in
1218 1199 1413 1272 Ecclesiam
1430 1201 1557 1295 recipi:

516 1316 639 1412 absone
655 1315 710 1387 liis
727 1318 788 1411 qai
805 1314 869 1387 hae
885 1316 1043 1388 Ecclesia
1049 1315 1173 1411 fideles
1188 1314 1412 1410 supplantati,
1430 1315 1478 1386 ad
1492 1314 1559 1385 lia-

515 1435 602 1503 rcsis
620 1430 771 1503 tenebam
789 1434 999 1503 transierant
1009 1457 1020 1511 ,·
1046 1431 1107 1502 scd
1128 1455 1182 1503 cos
1200 1456 1266 1525 per
1284 1455 1406 1502 manns
1423 1431 1560 1525 imposi-

516 1550 640 1618 tionem
658 1547 892 1618 restituendos.

567 1664 691 1734 Posset
714 1665 802 1734 alius
821 1666 957 1735 dicere:
984 1665 1077 1734 Cum
1096 1664 1226 1734 Christi
1254 1665 1467 1755 baptismata
1491 1665 1558 1733 duo

414 1787 416 1790 ’
515 1802 590 1849 esse
621 1802 690 1848 non
721 1780 866 1871 possint,
885 1775 953 1870 'qui
986 1780 1114 1869 iniquis
1144 1779 1358 1870 baptismum
1388 1778 1557 1856 concedit,

515 1894 580 1963 sibi
607 1893 712 1964 tollit.
765 1893 836 1964 Sed
864 1894 1049 1964 nobiscum
1076 1895 1183 1963 etiam
1211 1894 1268 1963 isti
1296 1894 1498 1962 resisterent
1523 1902 1557 1960 et

515 2008 692 2078 dicerent:
719 2008 955 2077 Concedimus
981 2008 1110 2098 iniquis
1137 2008 1371 2098 baptismum3
1397 2008 1459 2098 qui
1490 2030 1558 2075 non

515 2124 577 2193 ¹ab
596 2124 677 2214 ipsis
703 2131 767 2205 est,
785 2123 877 2192 sicut
894 2123 1070 2213 iniquitas,
1089 2123 1150 2193 sed
1172 2146 1194 2191 a
1213 2122 1354 2192 Christo
1380 2119 1481 2213 cuju's
1506 2133 1557 2192 est

514 2238 667 2328 aequitas,
686 2246 724 2305 et
749 2239 848 2328 cujus
879 2245 1137 2306 sacramentum
1164 2239 1273 2307 etiam
1300 2238 1393 2328 apud
1422 2238 1558 2329 iniquos

514 2375 584 2421 non
611 2362 666 2423 est
692 2354 863 2443 iniquum.
915 2353 1020 2435 Quod
1049 2376 1133 2445 ergo
1156 2353 1338 2423 nobiscum
1362 2354 1406 2422 de
1433 2355 1558 2446 iniquis

513 2469 680 2549 dicerent,
699 2468 765 2537 hoc
783 2469 847 2538 sibi
867 2468 910 2536 de
928 2468 1100 2538 haereticis
1119 2470 1248 2538 dicant.
1300 2467 1349 2538 Et
1367 2471 1449 2539 ideo
1466 2472 1557 2560 quod

513 2584 671 2673 sequitur
696 2585 748 2653 ita
774 2586 891 2675 potius
922 2593 998 2652 erat
1027 2583 1235 2654 dicendum:
1276 2582 1412 2654 Censeo
1440 2587 1557 2677 itaque

513 2697 648 2767 flebiles
678 2708 716 2767 et
744 2699 881 2767 tabidos
911 2698 1094 2768 haereticos
1125 2723 1195 2768 non
1226 2701 1454 2791 baptizandos
1484 2724 1557 2771 esse

513 2836 593 2882 cum
623 2813 668 2880 ad
695 2812 890 2882 Ecclesiam
919 2816 1037 2882 venire
1066 2816 1244 2905 coeperint,
1272 2816 1298 2882 si
1328 2814 1461 2885 habent
1484 2817 1557 2906 jam

513 2927 725 3017 baptismum
746 2928 888 3009 Christi,
910 2930 971 2997 sed
998 2953 1019 2997 a
1045 2953 1107 2998 sua
1132 2931 1360 3020 perversitate
1386 2933 1558 3023 corrigen-

514 3044 585 3112 dos,
639 3043 732 3111 Nam
768 3044 875 3111 etiam
907 3046 951 3112 dc
987 3046 1113 3135 iniquis
1149 3046 1215 3113 dici
1253 3054 1380 3133 potest,
1411 3070 1555 3136 quorum

513 3160 627 3250 portio
654 3168 736 3227 sunt
761 3158 933 3227 haeretici:
962 3159 1098 3230 Censeo
1117 3163 1235 3250 itaque
1259 3158 1394 3230 flebiles
1412 3173 1449 3231 et
1472 3164 1558 3232 tabi-

513 3276 575 3343 dos
599 3276 747 3364 iniquos,
771 3276 799 3343 si
820 3277 896 3363 jam
925 3275 1093 3366 baptizati
1121 3287 1215 3359 sunt,
1235 3300 1302 3344 non
1332 3277 1558 3366 baptizandos

512 3412 587 3459 esse
606 3413 685 3457 cum
705 3390 748 3458 ad
769 3389 975 3472 Ecclesiam,
990 3391 1024 3459 id
1043 3401 1107 3471 est,
1126 3392 1168 3458 ad
1189 3389 1284 3459 illam
1304 3400 1439 3481 petram
1460 3406 1558 3463 extra

552 3526 639 3584 ‘Am
656 3539 684 3585 et
699 3529 870 3600 antiquiores
886 3528 972 3585 MSS.
991 3540 1019 3584 al
1035 3550 1122 3585 sacra.
1168 3529 1240 3599 (Sed
1261 3530 1324 3585 cod.
1341 3539 1460 3604 uterque
1482 3552 1558 3589 meus

512 3644 575 3680 cum
591 3627 734 3698 Cypriane
749 3635 884 3697 prmstant
899 3630 948 3696 et.)

551 3723 667 3777 &Nova
692 3722 826 3796 Cypriani
855 3723 950 3784 editio,
975 3744 1026 3779 raon
1051 3726 1224 3780 adulterinos.
1269 3724 1326 3779 Sed
1350 3727 1438 3780 nostri
1462 3746 1558 3782 omnes

510 3819 574 3874 libri
599 3827 771 3882 constanter,
796 3839 845 3873 non
869 3820 1015 3875 adulteras.
1058 3822 1166 3876 Alludit
1184 3821 1300 3876 Cassius
1321 3822 1356 3875 ad
1377 3820 1446 3877 illud
1471 3823 1557 3879 Hebr.

511 3916 557 3971 xii.
576 3916 601 3970 8.
632 3916 707 3988 Erpa
729 3916 856 3978 adrilteri,
872 3925 897 3969 ct
920 3936 969 3970 non
986 3917 1043 3989 filii
1064 3920 1137 3972 estis.
1182 3918 1349 3989 (lrrepscrat
1372 3918 1399 3972 in
1424 3918 1557 3975 Fellinam

511 4013 645 4087 Cypriani
661 4013 813 4067 editionem
828 4033 883 4067 vox
899 4014 1091 4081 adrrltcrinos.)

551 4107 651 4164 hLov.
668 4110 694 4163 in
709 4109 845 4164 Ecclesia.
890 4112 928 4165 At
950 4113 1014 4165 Am.
1041 4112 1089 4166 Er.
1113 4122 1141 4167 et
1166 4113 1296 4168 meliores
1319 4111 1406 4168 MSS.
1430 4122 1462 4168 ut
1486 4115 1558 4187 apud

512 4208 694 4281 (lyprianum,
717 4207 749 4260 dc
763 4207 907 4261 Ecclesia:
931 4209 981 4262 sed
1007 4209 1077 4263 infra
1101 4219 1195 4265 tamen
1217 4211 1245 4265 in
1267 4210 1420 4282 Augustini
1442 4229 1557 4285 respon-

512 4304 589 4359 sione
606 4304 708 4364 lcrunt,
726 4303 752 4356 in
767 4303 904 4359 Ecclesia.

634 4415 639 4434 ¹
660 4408 705 4478 [ab
721 4410 788 4481 ipsis
803 4410 828 4462 in
844 4410 911 4480 ipsis
925 4418 973 4473 est,
991 4420 1124 4482 praestant
1140 4412 1223 4467 ambo
1239 4411 1327 4468 MSS.
1342 4411 1421 4485 mci]
