3900 5167
523 452 587 514 238
889 452 920 512 S.
938 448 1208 514 AUGUSTlNl

523 624 613 694 tioni
630 634 719 705 sunt,
738 647 782 693 on
804 623 906 693 non?
930 621 974 695 Si
994 622 1190 696 Christiani
1210 631 1299 703 sunt,
1318 645 1382 692 cnr
1400 623 1438 691 in
1455 621 1567 693 Eccle-

523 740 577 809 sio
595 737 665 809 Dei
682 762 750 808 non
767 739 878 808 sunt?
902 736 946 810 Si
961 735 1157 811 Christiani
1174 760 1243 807 non
1254 727 1345 819 sunit,
1352 737 1460 830 finnt.
1496 738 1568 809 Ant

524 877 590 948 qno
617 853 798 947 pertinebit
826 878 937 924 sermo
963 852 1112 924 Domini
1139 853 1293 933 dicentis,
1323 852 1395 942 Qui
1426 877 1495 925 non
1523 864 1569 926 est

394 969 400 982 ’
524 969 841 1052 monemuthenses
866 979 1013 1049 nreest;
1039 970 1156 1063 etqui
1184 993 1253 1040 non
1280 967 1411 1065 collinit
1433 994 1568 1051 meeum,

523 1083 688 1180 spernit?
723 1083 822 1155 Unde
846 1092 977 1155 oorsstot
1001 1082 1209 1178 snpnjilios
1233 1082 1365 1155 alienos
1389 1093 1423 1154 et
1447 1083 1569 1155 soboles

524 1197 721 1269 antichristi
737 1199 911 1293 Spiritum
928 1208 1082 1269 sonetum
1099 1222 1164 1292 per
1181 1222 1303 1269 mansu
1318 1200 1569 1293 impositionem

524 1312 756 1383 tantummodo
783 1337 852 1384 non
878 1337 977 1408 posse
1007 1313 1215 1397 descendere,
1245 1338 1321 1385 curn
1352 1315 1568 1411 manifestum

524 1432 570 1500 sit
586 1427 762 1499 iceretioos
779 1428 947 1523 baptismo
964 1453 1033 1500 non
1049 1427 1179 1501 habere.

575 1545 672 1614 Huic
689 1547 942 1635 respondetur:
970 1545 1087 1636 Iniqui
1101 1545 1292 1616 Christiani
1309 1555 1406 1627 sunt,
1420 1570 1464 1616 an
1483 1545 1568 1615 nont

526 1661 566 1731 Si
584 1661 773 1731 Christiani
792 1672 883 1742 sunt,
903 1684 965 1731 cur
988 1662 1025 1729 in
1051 1660 1112 1731 illa
1137 1670 1237 1752 petra
1259 1684 1328 1730 uon
1348 1673 1433 1731 sunt
1451 1663 1570 1753 inqua

411 1788 414 1791 ’
526 1777 717 1847 edificatur
744 1776 922 1858 Ecclesia3
948 1777 1098 1846 audiunt
1126 1777 1220 1846 enim
1247 1778 1354 1847 verba
1376 1777 1508 1847 Christi
1535 1787 1570 1847 et

526 1914 597 1960 non
615 1892 759 1962 faciunt.
804 1894 841 1962 Si
861 1892 1050 1962 Christiani
1069 1915 1139 1960 non
1157 1903 1249 1972 sunt,
1268 1892 1367 1961 liant.
1409 1890 1487 1961 Aut
1504 1916 1569 1984 quo

526 2008 717 2097 pertinebit
740 2030 854 2077 sermo
873 2007 1020 2078 Domini
1046 2008 1207 2089 dicentis,
1225 2008 1295 2091 Qui
1322 2031 1393 2078 non
1420 2020 1475 2078 est
1500 2031 1569 2078 me-

527 2144 620 2203 cum,
638 2122 822 2191 adversum
844 2146 902 2192 me
920 2134 994 2204 est;
1021 2132 1058 2192 et
1084 2124 1143 2213 qui
1169 2145 1309 2192 mecmn
1333 2147 1403 2193 non
1425 2123 1569 2215 colligit,

528 2238 683 2330 spargit?
718 2236 897 2331 Spargunt
921 2239 1017 2307 enim
1044 2260 1127 2307 oves
1152 2239 1236 2329 ejus,
1255 2241 1314 2329 qui
1340 2262 1401 2309 eas
1427 2240 1472 2309 ad
1498 2262 1571 2308 mo-

527 2376 605 2422 rum
645 2376 786 2423 suorum
827 2352 942 2422 labem
984 2376 1090 2445 prava
1128 2354 1326 2424 imitatione
1363 2356 1569 2446 perducunt.
1608 2372 1612 2380 ’

528 2467 634 2538 Unde
659 2479 806 2549 constat,
829 2492 934 2561 super
958 2469 1048 2538 filios
1074 2468 1206 2539 alienos
1224 2472 1332 2561 (quod
1358 2492 1483 2539 omnes
1507 2470 1571 2537 ini-

527 2586 587 2674 qui
617 2583 853 2675 appellantur)
884 2592 921 2653 et
949 2584 1085 2654 soboles
1111 2585 1323 2655 Antichristi
1351 2585 1460 2677 (quod
1491 2594 1572 2654 sunt

528 2723 650 2770 omnes
681 2703 739 2792 qui
771 2700 912 2769 Christo
943 2702 1183 2788 adversantur)
1210 2702 1381 2791 Spiritum
1412 2717 1570 2771 sanctum

529 2840 590 2906 per
612 2840 735 2885 manus
758 2818 1018 2908 impositionem
1037 2816 1283 2885 tantummodo
1306 2840 1375 2885 non
1395 2839 1496 2906 posse
1514 2817 1571 2884 de·

529 2934 704 3011 scendoro,
735 2934 761 3000 si
794 2934 906 3000 cordis
935 2955 1006 3000 uon
1037 2933 1127 3000 adsit
1158 2955 1238 3000 vera
1263 2933 1465 3013 conversim
1492 2954 1569 3000 cum

529 3049 752 3116 niarrifestum
785 3049 830 3115 sit
859 3048 995 3138 iniquos
1026 3049 1194 3138 quamdiu
1225 3048 1333 3138 iniqui
1366 3059 1458 3125 sunt,
1490 3048 1571 3137 bap-

527 3165 631 3232 tisma
648 3164 789 3254 quidem
809 3187 910 3254 posse
928 3164 1068 3242 habere,
1086 3164 1147 3231 sed
1171 3164 1320 3232 salutem
1339 3165 1439 3254 cujus
1462 3186 1571 3232 sacra-

527 3292 685 3347 mentum
708 3280 880 3370 baptisma
897 3290 960 3360 est,
976 3278 1105 3347 habere
1123 3301 1192 3345 uon
1211 3301 1321 3368 posse.
1377 3278 1571 3347 Videamus

527 3398 619 3463 onim
645 3397 672 3463 si
697 3396 850 3464 hmretioi
877 3395 1123 3463 deseribuntur
1144 3395 1179 3461 in
1201 3393 1340 3462 Psalmo
1359 3393 1430 3473 illo,
1451 3394 1510 3463 ubi
1529 3395 1572 3461 de

367 3527 428 3576 Pul.
439 3528 508 3575 cxliv.
528 3513 607 3582 liliis
625 3513 747 3582 alienis
761 3514 811 3582 ita
824 3513 968 3581 dicitnr:
998 3523 1017 3550 ‘⁶
1032 3511 1197 3593 Domine,
1211 3511 1321 3580 libero
1334 3535 1392 3581 me
1407 3513 1451 3581 de
1466 3535 1571 3580 manu

368 3605 452 3654 7-15.

530 3640 547 3668 ‘⁶
565 3629 715 3698 liliorum
742 3628 948 3709 alienorum,
967 3652 1115 3718 quorum
1135 3651 1173 3697 os
1191 3628 1349 3696 locutum
1368 3635 1422 3696 est
1440 3630 1572 3697 vanita-

529 3757 547 3785 “
566 3755 649 3827 tem,
662 3756 699 3814 et
714 3746 860 3813 dextera
877 3768 999 3813 eorum
1018 3747 1164 3814 dextera
1181 3745 1397 3834 iniquitatis;
1423 3766 1571 3832 quorum

529 3875 547 3901 ‘⁶
565 3863 626 3930 filii
647 3859 781 3931 ieorum
801 3862 897 3929 volut
925 3860 1071 3929 novellae
1093 3859 1334 3939 constabilitae,
1352 3859 1433 3927 liliae
1451 3882 1570 3927 eorum

529 3988 547 4015 “
566 3989 695 4046 oruatae
730 3979 821 4046 sicut
855 3977 1049 4045 similitudo
1079 3977 1214 4067 templi.
1266 3975 1418 4044 Cellaria
1449 3998 1572 4044 eorum

529 4101 548 4128 ‘⁶
566 4091 680 4181 plena,
712 4091 933 4159 eructuantia
967 4113 1012 4159 ex
1043 4089 1110 4157 hoc
1145 4090 1180 4156 in
1216 4088 1301 4156 hoc:
1337 4111 1420 4157 oves
1451 4110 1572 4157 eorum

590 4318 597 4359 i
614 4320 668 4375 Hic
683 4339 716 4375 ex
734 4319 824 4376 MSS.
840 4320 978 4380 addimus,
994 4337 1093 4374 eoram.
1138 4317 1402 4387 (llonsentientibus
1417 4316 1512 4386 meis.)
