3900 5167
748 253 1057 319 DISPUTATIO.
1382 254 1424 315 43

376 427 606 521 pitulimimus
627 424 820 499 Marcellus
844 429 1069 509 instruxerat,
1087 450 1169 498 cum
1195 449 1216 497 a
1241 428 1425 498 servatori-

376 544 446 616 bus
470 543 703 637 hospitiorum
729 543 1015 638 interrogaretur,
1033 544 1138 627 unde,
1156 551 1194 613 et
1213 544 1302 635 quis,
1322 543 1377 615 vel
1402 568 1424 615 a

378 682 450 751 quo
480 662 607 730 missus
632 668 735 741 esset,
761 660 890 740 aiebat,
914 682 992 729 sum
1019 660 1162 752 quidem
1188 670 1204 703 ⁰
1218 656 1424 751 Mesopota-

377 774 520 856 mensis,
546 773 591 843 de
615 771 760 844 Persida
784 783 906 844 autem
933 773 1047 857 venio,
1078 797 1099 844 a
1125 773 1325 844 Manichaeo
1349 796 1423 843 ma·

376 889 489 982 gistro
506 888 786 960 Christianorum
803 890 939 960 missus.
992 885 1047 958 At
1072 887 1123 957 illi
1146 888 1330 981 Pignotum
1357 888 1423 958 sibi

377 1027 509 1075 nomen
533 1027 604 1075 non
631 1004 784 1075 libenter
808 986 973 1097 amplexi,
992 1004 1192 1075 Turbonem
1215 1006 1323 1074 etiam
1342 1006 1425 1097 ipsis

376 1120 539 1214 hospitiis
556 1120 804 1202 detrudebant
821 1142 868 1190 ne
884 1143 985 1212 aquae
1002 1121 1145 1211 quidem
1168 1120 1278 1212 ipsius
1302 1120 1347 1190 ad
1372 1120 1425 1191 bi·

377 1236 533 1306 bendum
552 1234 723 1327 facultate
739 1259 924 1320 conoeasa3
951 1258 1029 1328 quae
1053 1258 1135 1305 cum
1152 1236 1293 1330 singula
1309 1238 1426 1328 quoti·

377 1353 444 1435 die,
463 1361 571 1444 atque
595 1352 722 1422 horum
748 1354 918 1445 nequiora
934 1352 1106 1445 perferret
1129 1352 1174 1423 ab
1191 1352 1257 1436 his,
1275 1353 1336 1445 qui
1363 1378 1425 1448 per

376 1466 516 1560 singula
540 1466 618 1538 loca
645 1468 896 1548 mansionibus,
922 1477 1030 1559 atque
1055 1468 1217 1560 hospitiis
1242 1479 1423 1561 praeerant,

376 1584 443 1653 nisi
460 1584 505 1653 ad
524 1582 693 1653 ultimum
712 1582 886 1654 Marcello
912 1607 949 1654 se
975 1593 1116 1675 portare
1133 1583 1252 1655 literas
1277 1567 1425 1657 indicas-

375 1708 443 1781 set,
461 1698 666 1790 peregrinus
682 1696 801 1768 Turbo
818 1700 942 1768 mortis
959 1697 1163 1790 pertulisset
1180 1700 1299 1770 exitia.

425 1812 476 1884 V.
503 1812 681 1906 Acceptas
706 1815 814 1907 igitur
839 1813 1034 1885 Marcellus
1061 1813 1180 1885 literas
1208 1813 1424 1896 resolvitur

374 1929 474 2023 legit,
500 1937 671 2020 presente
689 1927 867 2001 Archelao
892 1931 1047 2001 civitatis
1073 1930 1246 2023 episcopo,
1274 1952 1422 2021 quarum

374 2043 581 2136 exemplum
600 2044 668 2114 hoc
685 2054 750 2116 est.

373 2244 580 2343 Μσνιχαῖος
606 2239 814 2323 ἀπόστολος
844 2244 967 2340 Ἰησοῦ
1000 2244 1175 2341 Χριστοῦ,
1200 2243 1259 2319 καὶ
1289 2247 1322 2321 οἱ
1350 2241 1422 2322 σῦν

431 2367 509 2463 ἐμοὶ
525 2364 655 2450 πάντες
673 2363 779 2467 ἅγιοι,
799 2368 857 2446 καὶ
874 2366 1054 2468 παρθένοι,
1075 2367 1286 2474 Μαρκέλλῳ
1311 2369 1421 2478 τέκνῳ

430 2495 615 2601 ἀγαπητῷ,
642 2492 754 2598 χάριν,
781 2494 889 2591 ἕλεος,
919 2492 1038 2597 εἰρήνη
1062 2493 1133 2573 ἀπὸ
1164 2498 1259 2573 Θεοῦ
1286 2494 1422 2599 πατρὸς

430 2622 491 2698 καὶ
510 2621 644 2721 Κυρίου
661 2620 762 2719 ἡμῶν
779 2622 905 2719 Ἰησοῦ
922 2625 1099 2721 Χριστοῦ,
1118 2621 1176 2697 καὶ
1193 2620 1216 2718 ἡ
1235 2618 1334 2725 δεξιὰ
1358 2629 1422 2702 τοῦ

358 2927 384 2974 (ι
396 2912 594 2977 Manicheam
618 2912 776 3013 Apoooto
803 2912 877 2976 Jesu
957 2911 1073 2997 pratia,
1089 2909 1306 2988 misericordia,
1317 2932 1386 2997 ρασ
1399 2934 1421 2976 a

418 2998 547 3075 Meni,
561 3008 589 3063 ot
601 3021 656 3084 qut
676 3020 789 3063 meeum
809 3007 878 3062 σοιν
962 2998 1029 3060 Deo
1044 3005 1145 3081 putre,
1168 3006 1195 3060 et
1216 2997 1348 3062 Domino
1368 3020 1420 3063 ιιο-

413 3106 514 3150 enm
537 3084 644 3161 madi,
675 3091 705 3148 et
735 3084 876 3184 οἰνρίιισι,
961 3092 1022 3146 etro
1043 3081 1118 3145 Jeso
1142 3081 1271 3160 Christe,
1297 3092 1326 3148 et
1350 3084 1419 3148 den-

412 3169 569 3237 Marcello
603 3169 675 3254 filio
722 3170 877 3234 commimo
961 3178 1028 3232 tero
1057 3167 1133 3232 tuoe
1162 3179 1307 3233 eertscroet
1342 3180 1369 3234 te
1398 3192 1424 3238 ο

347 3435 517 3491 tianornm
537 3430 723 3489 imitationem
738 3431 893 3488 diversoria
903 3438 932 3487 et
945 3430 1069 3505 hospitia
1081 3448 1132 3503 per
1145 3429 1243 3486 orbem
1258 3430 1418 3489 Romanum

348 3523 507 3587 adificari
528 3526 676 3584 mandasse
696 3533 826 3589 testatur,
841 3534 873 3582 ut
884 3524 1041 3582 Gentilium
1062 3525 1309 3599 superstitionibus
1327 3528 1417 3602 majo·

348 3640 430 3684 rem
445 3622 571 3691 laudem,
585 3623 851 3696 venerationemque
866 3621 1038 3679 conciliaret.
1071 3620 1146 3678 Vide
1159 3621 1239 3696 plura
1253 3623 1327 3697 apud
1338 3624 1417 3681 Prio-

347 3725 444 3781 rium
469 3720 506 3777 de
530 3719 635 3778 Literis
654 3720 807 3779 canonicis
829 3739 891 3795 cap.
910 3734 938 3795 5.
960 3727 990 3777 et
1011 3737 1090 3793 seqq.
1111 3727 1140 3775 et
1157 3719 1362 3777 Thomasinum
1383 3722 1418 3779 de

350 3816 499 3879 'raseris
512 3818 714 3893 hospitalitatis
727 3837 789 3893 cap.
804 3817 850 3874 26.

408 3926 426 3959 ⁰
442 3915 544 3973 Codex
558 3916 629 3973 Bob.
643 3917 888 3992 Mesopotamenos.
980 3926 995 3973 Ρ
1010 3913 1109 3970 Codex
1124 3913 1197 3970 Bob.
1213 3914 1374 3989 ἰρσονοινοι.

410 4024 427 4068 (ι
450 4013 535 4070 Hanc
558 4012 707 4090 epistolam
731 4032 796 4070 cum
816 4011 945 4069 Marcelli
964 4011 1148 4085 responsione
1169 4011 1309 4086 integram
1331 4014 1419 4072 refert

362 4107 548 4186 Epiphanius
562 4110 591 4190 ip
608 4110 834 4169 Manichaeorum
855 4108 955 4166 haeresi
971 4128 1000 4165 n.
1014 4108 1042 4164 6.
1058 4128 1094 4165 ex
1109 4127 1164 4183 quo
1178 4127 1271 4182 grace
1285 4109 1417 4190 desump.

370 4225 470 4264 armus.

874 4322 926 4367 G2
