3900 5167
417 444 481 503 224
783 444 814 505 S.
831 444 1082 507 AUGUSTIN
1087 446 1102 507 1

466 617 534 687 Cui
569 617 817 707 respondetur:
854 616 1037 688 Universae
1073 616 1245 688 Ecclesiae
1278 619 1460 691 catholicae

416 733 592 801 sententia
608 732 687 802 haec
704 742 769 814 est,
786 743 827 801 ut
845 733 1000 803 haretici
1018 736 1177 825 quamvis
1197 735 1234 804 in
1253 735 1376 806 haeresi
1387 737 1459 827 jam

415 847 547 917 Christi
574 848 748 939 baptismo
773 848 955 940 baptizati,
981 850 1026 919 ad
1057 848 1252 920 Ecclesiam
1279 853 1460 923 venientes

414 987 485 1032 nou
505 964 738 1055 baptizentur.
791 964 829 1033 Si
848 967 943 1034 enim
961 964 1059 1035 nulla
1076 974 1130 1037 est
1146 967 1239 1058 apud
1259 977 1460 1059 peccatores

414 1080 572 1148 remissio
600 1090 834 1171 peccatorum,
860 1104 927 1151 nec
957 1082 1052 1151 intus
1083 1090 1286 1173 peccatores
1318 1093 1460 1175 peccata

414 1197 621 1266 dimittunt:
648 1206 685 1266 et
712 1205 828 1266 tamen
857 1198 902 1266 ab
929 1197 980 1267 eis
1011 1198 1179 1289 baptizati
1206 1222 1278 1267 non
1309 1201 1460 1293 rebapti-

414 1321 548 1381 santur.

292 1461 317 1496 r.
331 1460 368 1509 η.
467 1424 662 1497 Monnulus
678 1426 824 1497 aGirba
841 1427 951 1497 dixit:
969 1424 1137 1498 Eccnsioe
1149 1425 1323 1500 catholica
1341 1431 1458 1500 matris

292 1529 381 1659 &aa
415 1552 544 1613 nostrce
572 1544 698 1614 ceritas
727 1542 823 1636 apud
850 1567 922 1625 nos,
939 1542 1087 1637 fratres,
1114 1568 1247 1639 semper
1275 1546 1405 1617 manat
1429 1557 1459 1617 et

414 1667 536 1738 manet,
571 1657 624 1729 cel
655 1658 805 1729 manime
844 1659 882 1726 in
915 1657 1077 1753 baptismi
1111 1661 1277 1743 trinitate,
1306 1660 1458 1733 Domita

413 1782 529 1843 nostro
547 1773 686 1856 dicente,
704 1772 769 1857 Ite,
787 1772 956 1868 baptizate
977 1785 1093 1871 pentes
1118 1777 1156 1845 in
1182 1777 1322 1847 nomine
1338 1776 1457 1849 Patris

413 1897 445 1958 et
462 1886 554 1957 Filii
578 1897 608 1957 et
629 1888 786 1982 Spiritus
802 1890 922 1960 sancti.
976 1887 1066 1962 Cam
1090 1915 1170 1987 erpo
1197 1890 1390 1986 manifesto,
1409 1894 1457 1961 in-

413 2005 501 2095 quit,
526 2004 675 2073 sciamus
700 2001 879 2075 laereticos
904 2028 972 2075 non
998 2003 1119 2076 latae
1143 2030 1204 2077 nea
1220 2004 1377 2089 Patrem,
1401 2031 1458 2078 nec

412 2117 559 2203 Filiam,
582 2143 643 2190 nec
667 2119 840 2213 Spiritum
871 2129 1035 2202 sanctam,
1065 2119 1182 2191 debent
1211 2122 1382 2192 uenientes
1414 2121 1458 2192 ad

412 2233 601 2305 Ecclesiam
620 2243 761 2305 matrem
781 2243 934 2305 nostram
959 2259 1036 2306 cere
1060 2238 1195 2307 renasci
1219 2245 1251 2307 et
1275 2235 1456 2332 baptizari,

412 2360 450 2421 nt
467 2375 587 2422 cancer
604 2351 696 2445 qnod
710 2349 881 2433 liniebant,
896 2361 928 2423 et
944 2351 1177 2422 damnationis
1195 2354 1262 2435 ira,
1280 2362 1313 2422 et
1330 2354 1456 2423 acam

413 2463 606 2561 ”effectura
630 2489 694 2558 per
710 2475 862 2536 sanctam
891 2475 923 2537 et
948 2464 1075 2536 sceleste
1103 2463 1277 2535 lacunam
1311 2465 1457 2558 sanctiſs·

412 2591 514 2651 cetae.

464 2696 559 2767 Huic
577 2698 839 2788 respondemus,
861 2696 1002 2766 Patrem
1022 2706 1059 2766 et
1078 2695 1210 2765 Filium
1228 2705 1268 2765 et
1286 2694 1454 2786 Spiritum

412 2821 571 2880 sanctum
600 2815 633 2880 in
661 2821 879 2881 sacramento
902 2813 1090 2881 dumtaxat
1110 2810 1240 2880 habere
1258 2814 1455 2903 omnesqui

412 2926 585 3017 baptismo
605 2927 718 2995 verbis
742 2925 963 3018 Evangelicis
987 2936 1189 2995 consecrato
1213 2926 1454 3017 baptizantur:

410 3043 444 3109 in
464 3043 568 3110 corde
586 3052 704 3110 autem
725 3050 761 3109 et
783 3043 817 3112 in
838 3043 910 3109 vita
932 3065 999 3111 nec
1024 3042 1102 3110 illos
1124 3041 1265 3119 habere,
1285 3042 1345 3131 qui
1364 3042 1454 3108 intus

410 3159 547 3247 perdite
565 3167 601 3225 et
619 3157 883 3225 exsecrabiliter
899 3158 1033 3226 vivunt.

357 3326 363 3338 .
461 3273 681 3341 Secundinus
708 3296 729 3340 a
750 3272 876 3341 Cedias
900 3274 1009 3342 dixit:
1040 3271 1128 3345 Cain
1146 3271 1322 3342 Dominus
1345 3281 1454 3341 noster

332 3397 389 3443 ³¹³³·
412 3387 572 3459 Christus
589 3387 690 3467 dieat,
711 3386 780 3473 Qni
798 3409 925 3455 arrectam
951 3409 1020 3454 iton
1043 3395 1100 3465 est,
1119 3384 1296 3455 aduersum
1317 3409 1369 3454 me
1387 3394 1451 3454 est:

321 3542 351 3572 an
411 3514 441 3574 et
457 3503 636 3573 lohannes
654 3501 823 3596 apostolas
841 3526 895 3572 eos
913 3502 972 3594 qai
995 3500 1035 3570 ab
1053 3500 1207 3570 Ecclesia
1225 3512 1350 3570 cecant
1368 3501 1453 3570 anti·

409 3617 553 3689 christos
588 3619 700 3688 dicat:
738 3616 970 3686 indubitanter
1004 3612 1113 3684 hostes
1150 3613 1295 3694 Christi,
1333 3616 1452 3708 quique

408 3733 605 3805 antichristi
631 3734 799 3803 nonnnati
824 3740 911 3812 scant,
926 3731 1077 3825 pralium
1104 3729 1264 3822 baptismi
1291 3728 1452 3799 salutaris

408 3852 608 3919 ministrare
638 3873 705 3917 rioci
732 3857 896 3940 possunt:
925 3855 956 3915 et
987 3845 1063 3915 ideo
1093 3868 1208 3914 censeo
1238 3868 1293 3914 eos
1325 3847 1386 3938 qai
1414 3844 1452 3913 de

408 3964 645 4035 licereticarnm
673 3963 813 4032 insidiis
836 3960 1039 4056 conscipiunt
1065 3959 1111 4029 acl
1127 3958 1329 4042 Ecclesiam,
1347 3958 1451 4052 bapti-

449 4125 463 4154 η
480 4116 543 4168 Am.
555 4123 583 4168 et
595 4114 643 4168 Er.
656 4113 807 4184 offocatum.
853 4112 989 4167 Nonnulli
1005 4109 1096 4166 MSS.
1109 4110 1210 4181 ‹ffensa
1221 4133 1230 4163 .·
1253 4110 1303 4165 sed
1319 4110 1450 4183 plerique.

408 4213 548 4284 offectura.
593 4210 675 4283 Apud
692 4210 863 4283 cyprianum
883 4219 926 4263 cst
941 4210 1079 4281 effectura.
1124 4206 1194 4276 (Sed
1213 4226 1288 4262 nunc
1307 4208 1381 4280 apud
1397 4206 1449 4279 Cy·

407 4309 535 4381 priunum
550 4308 682 4379 offectura
698 4316 832 4380 praestant
845 4306 1026 4360 Bnluzianam
1043 4313 1145 4360 secutae
1160 4303 1318 4371 editiones;
1340 4302 1449 4377 perinde

408 4425 439 4460 ac
455 4405 543 4460 codex
560 4404 712 4477 Augustini
724 4413 841 4475 uterque
857 4410 960 4470 meus.)
