3900 5167
540 453 604 515 104
773 448 1027 513 ARCHELAI
1052 449 1118 512 m·
1141 448 1363 514 MANETIS

538 624 638 696 stud.
692 626 740 695 Et
763 625 906 716 quidem
931 624 1027 716 quod
1052 623 1132 694 dico
1147 622 1212 694 tali
1228 622 1405 716 exemplo,
1422 624 1503 695 ⁰sed
1521 626 1586 695 ola·

539 744 621 812 rins.
675 740 795 810 Homo
813 742 956 832 quidam
981 738 1155 812 conclusit
1177 738 1214 809 in
1239 738 1405 812 thesauro
1421 740 1586 811 frumenti

540 858 743 949 plurimum,
768 858 819 926 ita
845 866 885 926 nt
913 856 1066 927 refertus
1092 863 1186 926 esset
1211 854 1320 936 locus,
1337 878 1448 947 quem
1473 855 1585 928 locum

540 963 712 1042 ‘clausum
747 982 855 1063 atque
889 971 1068 1063 signatum
1102 969 1358 1042 sufficientibus
1389 968 1586 1063 signaorrlis,

541 1089 709 1158 custodiri
727 1088 914 1179 praeoepit3
940 1088 1015 1177 ipse
1034 1085 1210 1157 Dominus
1228 1107 1310 1156 vero
1327 1086 1481 1170 &cessim
1503 1084 1586 1156 alius

541 1213 663 1274 autern
693 1203 837 1295 quidam
870 1213 951 1295 post
985 1201 1140 1274 multum
1170 1200 1339 1294 temporis
1373 1202 1520 1272 advenit
1546 1201 1586 1272 ad

542 1318 757 1401 thesaurum,
784 1319 905 1389 dicens
934 1341 971 1387 se
1000 1318 1046 1388 ab
1076 1340 1132 1401 eo,
1161 1318 1222 1409 qui
1252 1316 1445 1410 signaculis
1474 1316 1586 1389 locum

541 1436 771 1517 concluserat,
789 1436 934 1505 missum
950 1435 995 1503 ad
1013 1433 1090 1516 hoo,
1107 1443 1148 1503 ut
1165 1434 1273 1505 etiam
1291 1433 1421 1525 ipsein
1439 1435 1588 1505 eundem

543 1550 746 1622 thesaurum
770 1551 927 1620 triticum
952 1557 1194 1642 congregaret.
1245 1547 1362 1631 Quem
1386 1569 1471 1619 cnm
1489 1548 1589 1618 vidis

542 1678 622 1737 sent
639 1669 811 1749 custodes,
830 1664 1022 1757 poscebant
1045 1664 1090 1734 ab
1113 1688 1157 1734 eo
1176 1659 1367 1757 hsignaculi
1386 1663 1505 1745 fidem,
1523 1686 1590 1756 quo

544 1784 677 1875 possint
695 1784 739 1862 ei,
758 1780 934 1863 videlicet,
951 1781 1087 1872 aperire
1110 1779 1326 1860 thesaurum,
1344 1790 1382 1849 et
1407 1803 1534 1872 parere
1549 1782 1589 1862 ei,

583 2029 597 2060 e
612 2019 698 2075 Forte
704 2020 754 2093 fit,
769 2018 814 2075 rel
827 2018 874 2083 eit,
889 2027 938 2075 aut
954 2020 1051 2088 etiarn,
1065 2028 1115 2076 est.

584 2114 702 2191 fSupra
715 2116 840 2173 thesauri
860 2116 921 2172 solo
941 2116 1036 2191 sigillo
1055 2116 1198 2193 obsignati
1215 2116 1388 2173 mentionem
1401 2114 1472 2173 facit
1485 2116 1589 2175 Arche-

544 2215 622 2271 laus:
646 2223 675 2271 at
689 2214 735 2270 hic
749 2214 842 2289 sigillo
857 2214 950 2270 claves
964 2214 1104 2289 adjungit,
1117 2233 1172 2290 quo
1186 2221 1270 2289 pacto
1284 2214 1412 2271 chariora
1426 2233 1545 2290 quaeque
1557 2214 1591 2271 ab

544 2312 667 2386 antiquis
681 2311 816 2367 custodiri
831 2311 1021 2375 consuevisse,
1031 2311 1112 2368 testis
1126 2318 1171 2368 est
1182 2310 1388 2385 Aristophanes
1402 2311 1431 2367 in
1446 2311 1591 2377 comoedis.

545 2409 589 2466 cui
611 2409 717 2473 titulus,
738 2411 1003 2481 θεσμοφοριάζουσαι
1017 2426 1084 2483 pag.
1101 2408 1169 2483 787.
1190 2407 1265 2482 apud
1288 2426 1370 2483 quem
1394 2408 1496 2466 mulier
1518 2427 1589 2484 quur-

545 2508 610 2563 darn
632 2506 814 2580 conqueritur
835 2524 1035 2580 gynecaeorum
1053 2504 1130 2561 sores
1149 2504 1260 2579 sigillis,
1273 2512 1304 2562 et
1322 2505 1442 2579 pessulis
1455 2525 1474 2563 a
1486 2505 1591 2563 maritis

545 2604 699 2667 obfirmari,
715 2622 799 2677 quem
814 2622 923 2659 morem
937 2602 1036 2660 irridet
1050 2602 1210 2660 Menander
1223 2602 1299 2677 apud
1313 2601 1472 2660 Stobaenm.

587 2712 603 2755 s
620 2701 706 2758 Forte
719 2701 840 2763 recessit,
854 2700 899 2756 vel
914 2700 1047 2756 discessit.

586 2796 603 2839 ¹¹
617 2798 717 2854 Anulis
732 2816 784 2872 pro
794 2806 909 2861 tessera,
922 2816 971 2853 seu
987 2796 1070 2871 signo
1084 2795 1113 2851 in
1127 2795 1281 2870 repetendo
1293 2795 1431 2869 deposito,
1444 2805 1473 2853 et
1488 2797 1591 2872 majore

546 2897 652 2953 nuntiis
667 2897 721 2952 fide
742 2894 917 2952 concilianda
930 2904 1041 2950 ueteres
1059 2913 1127 2951 usos
1145 2894 1241 2961 fuisse,
1257 2912 1291 2950 ex
1306 2893 1416 2958 Plauto,
1431 2904 1461 2951 et
1474 2895 1591 2971 Apuleio

546 2995 689 3059 discimus,
705 3012 823 3067 quorum
845 2993 951 3067 primus
972 2992 1002 3048 in
1024 2992 1165 3048 Bacchide
1186 2998 1241 3047 act.
1259 3009 1286 3047 a.
1309 3010 1393 3048 scena
1407 3008 1436 3063 3.
1452 3011 1528 3050 vers.
1542 3008 1590 3068 93.

546 3092 586 3149 ita
599 3092 689 3165 inquit
701 3090 788 3165 Chry.
811 3089 929 3145 Anulum
941 3090 1020 3164 quati
1034 3090 1074 3145 tui
1086 3089 1189 3154 Facito,
1201 3097 1230 3145 ut
1245 3088 1495 3168 meninerisserre.
1527 3088 1591 3145 Nic.

549 3191 622 3254 Quid
638 3208 705 3265 opus
725 3196 766 3244 eat
787 3187 895 3243 anulo?
937 3186 1024 3261 Chry.
1042 3186 1112 3249 Quia
1134 3186 1163 3242 id
1185 3185 1290 3261 sianum
1312 3194 1352 3242 est
1376 3186 1524 3251 Theotimo,
1548 3186 1592 3262 qui

547 3283 1592 3359 mffifflmmwmwmmAMwmffimm

547 3386 637 3441 Asino
657 3403 743 3441 aureo
764 3383 819 3439 hoc
841 3382 918 3439 iratae
941 3382 1087 3456 cujusdam
1104 3382 1229 3438 mulieris
1243 3380 1351 3438 facinus
1365 3382 1462 3438 refert.
1507 3382 1593 3439 Aouio

548 3482 640 3538 mariti
653 3489 788 3555 surrepto,
804 3498 852 3535 rus
859 3479 998 3554 profecta,
1014 3479 1098 3534 mittit
1112 3479 1241 3553 quendam
1260 3478 1403 3542 servulum,
1418 3477 1473 3534 sibi
1491 3479 1593 3555 quidem

540 3579 660 3651 fidelem,
674 3579 722 3634 sed
741 3578 773 3633 de
796 3578 856 3652 ipsa
875 3576 943 3632 Fide
959 3576 1078 3651 pessime
1099 3583 1250 3639 merentem,
1266 3576 1311 3649 qui
1329 3574 1428 3650 puella
1449 3575 1593 3641 nuntiaret,

547 3677 620 3751 quod
638 3695 695 3732 eam
709 3675 821 3748 juvenis
837 3673 981 3748 profectus
1002 3673 1038 3728 ad
1058 3672 1180 3729 villulam
1194 3682 1302 3730 uocaret
1323 3673 1360 3728 od
1378 3692 1426 3740 se;
1447 3672 1551 3739 addito,
1565 3678 1594 3728 ut

547 3773 617 3837 solo,
631 3781 657 3829 et
671 3773 729 3827 siae
742 3771 798 3827 ullo
813 3771 908 3827 comite
927 3788 1007 3844 quam
1028 3771 1208 3826 maturissime
1222 3772 1388 3846 perueniret.
1432 3769 1471 3825 Et
1492 3789 1525 3826 ac
1544 3788 1595 3845 quo

540 3868 621 3943 sorte
641 3877 797 3925 nasceretur
816 3867 939 3923 veniendi
961 3868 1089 3931 cantatio,
1111 3868 1197 3923 tradit
1219 3868 1329 3925 anulum
1350 3867 1451 3923 marito
1472 3867 1595 3923 subtrac-

549 3964 1596 4041 tmmmmmmmffimmfflmwfflwmrAsshmmmo

540 4062 648 4137 fratris
662 4062 806 4137 obsequens
822 4061 884 4133 (doc
897 4061 966 4116 caim
981 4080 1073 4116 aomea
1087 4062 1145 4117 sola
1159 4063 1273 4132 sciehat)
1289 4070 1409 4137 respecto
1424 4062 1506 4117 etium
1520 4062 1595 4135 sipao

549 4161 615 4232 ey'us,
638 4161 708 4234 quod
729 4159 902 4233 offerebatur,
922 4158 1056 4232 qaaviter,
1079 4168 1109 4214 ut
1127 4168 1290 4235 preceptum
1308 4159 1416 4233 fuerat,
1441 4160 1595 4216 incomitata

540 4258 735 4330 &mmm

955 4395 963 4423 ¹
983 4414 997 4450 2
1012 4394 1079 4451 Cor.
1092 4396 1147 4451 xiii.
1161 4414 1190 4468 3.
