3900 5167
503 469 568 530 200
729 463 981 527 ARCHELAI
1011 463 1075 525 ET
1109 460 1328 524 MANETIS

504 640 595 742 έχων
613 635 655 715 τὸ
671 635 802 733 στόμα,
821 635 893 714 ἀπὸ
916 634 1157 738 βλασφημίας
1183 638 1327 734 πρῶτον
1352 638 1417 709 τοῦ
1446 663 1547 728 ποιη-

503 774 566 845 τοῦ
589 771 661 843 τῶν
680 763 849 843 ἁπάντων
874 762 1019 868 ἤρξατο,
1039 760 1205 866 φάσκων·
1235 760 1284 838 ‘0
1309 761 1374 856 τῆς
1396 764 1550 839 παλαιᾶς

504 892 596 975 Θεὸς
614 899 732 971 κακῶν
745 894 845 969 ἐστιν
861 887 1012 991 εὑρετὴς,
1030 888 1148 988 λέγων
1166 890 1246 987 περὶ
1264 886 1402 964 ἑαυτοῦ·
1435 883 1551 985 ’ῑἘγὼ

502 1028 575 1120 πῦρ
594 1017 872 1098 κατανάλισκον.
914 1019 933 1095 ὁ
959 1015 997 1095 δὲ
1020 1015 1138 1121 σοφὸς
1155 1012 1354 1119 Ἀρχελαος
1381 1012 1550 1118 ῦπεξέλνε

503 1147 568 1245 τὴν
600 1146 854 1251 βλασφημίαν,
885 1143 1005 1222 είπῶν·
1047 1148 1092 1222 Εἰ
1124 1145 1144 1221 ὁ
1176 1146 1240 1241 τῆς
1269 1147 1428 1224 παλαιᾶς
1461 1139 1551 1223 Θεὸς

504 1271 595 1353 κατὰ
623 1270 686 1350 τὸν
716 1269 785 1350 σῦν
814 1268 938 1372 λόγον,
965 1278 1038 1373 πῦρ
1067 1267 1191 1349 ἑαυτὸν
1220 1268 1328 1369 λέγει,
1352 1268 1449 1352 τίνος
1481 1265 1552 1351 υἱός

503 1402 603 1478 ἐστιν
629 1400 649 1476 ὁ
679 1399 807 1499 λέγων,
828 1402 909 1500 Πῦρ
940 1395 1055 1496 ἦλθον
1077 1402 1204 1491 βαλεῖν
1226 1398 1283 1475 ἐπὶ
1310 1394 1376 1494 τὴν
1393 1398 1491 1495 γῆν;
1523 1401 1551 1473 εί

503 1528 628 1630 μέμφῃ
645 1523 709 1603 τὸν
724 1525 886 1625 λέγοντα,
903 1522 1034 1624 Κύριος
1053 1528 1204 1602 θανατοῖ
1218 1525 1277 1601 καὶ
1295 1522 1475 1625 ζωογονεῖ·
1495 1522 1551 1600 διὰ

503 1654 542 1731 τί
562 1660 668 1758 τιμᾷς
689 1650 838 1753 Πέτρον,
857 1650 922 1749 τὴν
940 1649 1108 1745 Ταβιθὰν
1134 1649 1197 1748 μέν
1215 1650 1409 1752 ἐγείραντα,
1428 1648 1551 1748 τὴνδέ

505 1779 715 1883 Σαπφείραν
733 1778 1019 1872 θανατώσαντα;
1052 1783 1081 1855 εί
1103 1776 1141 1855 δὲ
1166 1780 1224 1854 καὶ
1247 1775 1382 1881 μέμφῃ,
1402 1775 1458 1854 ῦτι
1480 1784 1551 1878 πῦρ
1592 1795 1605 1812 ·

504 1906 689 2004 ἡτοίμασε,
709 1902 767 1982 διὰ
790 1907 824 1981 τὶ
850 1904 892 1981 οῦ
919 1904 1044 2008 μέμφῃ
1071 1903 1134 1982 τὸν
1157 1902 1322 2004 λέγοντα,
1347 1903 1550 2005 Πορεύεσθε

504 2034 579 2111 ’ἀπ’
600 2033 685 2129 ἐμοῦ
711 2037 759 2113 είς
784 2027 826 2108 τὸ
849 2038 922 2130 πῦρ
941 2030 983 2107 τὸ
1002 2031 1168 2126 αἱῶνιονς
1200 2036 1229 2108 εἰ
1252 2028 1378 2134 μέμφῃ
1403 2026 1468 2107 τὸν
1487 2028 1546 2107 λέ·

504 2229 682 2314 sepulerum
703 2235 815 2313 patens
837 2237 916 2305 erat
939 2230 1003 2314 pri-
1055 2228 1147 2301 filius,
1171 2228 1224 2312 qui
1246 2228 1311 2292 ait:
1333 2229 1461 2312 3Ιῃαοοι
1484 2227 1550 2291 esui

504 2336 590 2379 mum
605 2337 625 2378 a
646 2313 841 2397 blasphemio
863 2315 895 2378 in
916 2337 1002 2379 crea·
1053 2316 1170 2380 minero
1183 2316 1217 2377 io
1231 2316 1369 2378 terrem?
1394 2312 1428 2377 Si
1443 2314 1549 2398 ouipes

505 2409 608 2465 torem
619 2399 771 2474 omnium,
782 2399 906 2463 initium
918 2423 1002 2464 sum·
1053 2423 1126 2464 eum
1155 2399 1208 2483 qui
1238 2400 1335 2464 dicit:
1374 2400 1549 2463 moerim

505 2486 558 2557 sit.
576 2485 738 2569 inquiens:
763 2485 879 2549 veteris
900 2494 999 2550 testa·
1053 2486 1213 2569 mortificat
1226 2496 1253 2550 et
1268 2484 1424 2568 vivifican
1440 2506 1550 2586 quam·

504 2572 603 2635 menti
616 2574 717 2646 Deus,
725 2571 881 2634 melorum
896 2572 1001 2635 inven-
1052 2572 1161 2635 obrem
1173 2571 1303 2635 Petrum
1313 2571 1400 2646 eolis,
1406 2593 1461 2655 qm
1472 2571 1549 2635 5Το-

505 2666 558 2721 tor
579 2665 638 2733 est,
660 2657 700 2719 de
726 2679 759 2720 se
786 2657 852 2741 ipse
875 2657 999 2721 diosus:
1053 2657 1176 2722 bithom
1196 2679 1216 2720 α
1236 2656 1370 2721 mortuis
1385 2657 1549 2732 excitavit,

505 2744 589 2827 '2E90
604 2743 685 2826 tynis
701 2764 881 2805 σοπςοοιοπο.
920 2743 1002 2806 Tum
1052 2751 1086 2807 et
1101 2742 1310 2827 ⁶Sapphiram
1332 2742 1428 2807 morti
1452 2743 1549 2807 tradi·

505 2828 630 2912 sapiens
648 2828 825 2891 Archelaus
844 2829 926 2891 hane
941 2828 1000 2891 sol·
1052 2829 1124 2892 dit?
1164 2828 1197 2891 Si
1224 2828 1301 2892 vitio
1328 2828 1437 2904 vertis,
1465 2829 1548 2912 quod

505 2914 550 2977 vit
594 2914 806 2997 refutavitque
855 2915 999 2999 blasphe-
1054 2915 1180 2999 ⁷ignem
1208 2914 1420 2998 praeporavit3
1453 2936 1549 2998 quare

505 3000 601 3063 miam
624 3000 672 3061 his
696 2999 815 3062 verbis:
839 3001 864 3062 si
887 3000 1002 3063 veteris
1053 3001 1137 3063 huno
1164 3021 1226 3061 non
1252 2999 1356 3083 corpis
1379 3000 1432 3083 qui
1454 3000 1547 3063 dicit:

506 3086 595 3148 Deus
616 3084 809 3160 testamenti,
826 3098 861 3149 ut
882 3086 941 3159 eis,
956 3085 1002 3169 ig·
1055 3085 1233 3149 ⁸Diseed2'te
1262 3107 1283 3148 α
1315 3108 1361 3149 την
1389 3087 1424 3148 in
1455 3086 1551 3170 ίῃπαν

505 3187 577 3235 nem
601 3193 633 3233 se
658 3171 745 3246 dicit,
766 3172 854 3256 eujus
879 3181 928 3235 est
951 3170 1003 3234 ilie
1054 3173 1229 3235 aeternum?
1275 3171 1307 3234 Si
1345 3171 1550 3255 reprehendis

545 3358 642 3431 (ςἘγὼ
664 3360 728 3432 πῦρ]
755 3359 847 3416 Codd.
864 3360 950 3416 Coisl.
966 3359 1066 3416 ottob.
1083 3360 1152 3424 Ros,
1169 3359 1290 3415 Casaub.
1307 3360 1358 3431 ἐγὼ
1379 3362 1394 3412 ὁ
1413 3362 1480 3415 θεὸς
1500 3362 1551 3429 πῦρ

506 3479 561 3511 κατ,
598 3455 655 3512 Sed
671 3455 699 3510 in
715 3455 781 3511 MS.
798 3457 896 3512 Ottob.
913 3458 993 3513 deest
1007 3457 1140 3512 articulus
1155 3460 1177 3512 ὁ.
1220 3456 1253 3511 ln
1268 3456 1439 3511 locoautem
1456 3455 1549 3529 Scrip-

505 3562 576 3610 turae
602 3553 696 3617 citato,
719 3573 776 3608 non
802 3555 889 3617 Deus,
912 3555 962 3610 sed
984 3554 1102 3629 Moyses
1126 3554 1161 3610 de
1182 3554 1243 3609 Deo
1268 3553 1296 3608 in
1321 3555 1407 3609 tertia
1431 3573 1551 3629 persona

506 3650 637 3724 loquitur,
653 3651 702 3714 ita,
721 3650 812 3723 Κῦριος
826 3654 841 3704 ό
855 3655 920 3708 θεός
933 3674 993 3719 σου,
1008 3655 1060 3722 πῦρ
1074 3652 1261 3705 καταναλίσκον
1275 3648 1342 3705 έστί.
1367 3651 1455 3706 IDEM.

546 3748 617 3803 ‘dr’
632 3749 707 3820 ἐμοῦ]
726 3748 820 3803 Verba
835 3748 894 3803 haec
910 3749 1105 3804 desiderantur
1118 3748 1146 3803 in
1161 3746 1243 3803 codd.
1259 3744 1359 3802 Ottob.
1375 3747 1465 3805 Coisl.
1482 3750 1550 3813 Roe,

507 3844 628 3900 Casaub.
645 3845 732 3900 Grod.
749 3846 832 3900 Petro
848 3845 905 3901 Sic.
949 3846 1035 3901 Paulo
1050 3854 1124 3920 post,
1140 3845 1168 3899 in
1187 3844 1247 3899 Roe
1269 3852 1298 3899 et
1317 3845 1436 3902 Casaub.
1454 3848 1549 3904 scribi·

507 3951 562 4004 tur,
577 3945 627 4013 ἐγὼ
649 3945 662 3994 ὁ
685 3945 758 4007 θεὸς,
779 3946 793 3994 ὁ
814 3949 902 4007 ποιῶν,
919 3943 1046 4016 proxime
1070 3942 1106 3998 ad
1132 3960 1242 3997 sacrum
1265 3950 1385 3997 textum.
1430 3944 1551 4019 Cyrillus

507 4039 566 4111 ipse
583 4037 690 4093 Catech.
707 4039 744 4093 ix.
761 4059 788 4093 n.
799 4039 844 4094 vii.
866 4040 955 4095 citans
971 4039 1117 4112 sequentis
1131 4038 1214 4111 hujus
1229 4037 1384 4111 prophetici
1399 4042 1551 4099 testimonii

569 4188 675 4244 'Dent
693 4189 727 4242 iv.
746 4207 792 4259 24.
915 4196 923 4225 ³
938 4190 1005 4245 Luc.
1022 4189 1069 4243 xii.
1086 4206 1134 4261 49.
1256 4192 1264 4219 ⁴
1283 4203 1293 4239 1
1311 4186 1383 4261 Reg.
1399 4188 1428 4243 ii.
1445 4191 1471 4245 6.

569 4284 660 4340 ‘Act
677 4286 714 4340 ix.
731 4304 779 4356 40.
912 4285 1010 4342 ⁶1bid.
1028 4306 1053 4341 r.
1075 4304 1118 4340 ιο.
1254 4289 1261 4317 ⁷
1277 4282 1361 4339 Deut.
1378 4287 1468 4343 xxxii.
1483 4306 1528 4344 22.

569 4379 677 4437 “Matt.
694 4401 759 4436 xxv.
776 4401 823 4453 4¹·
