3900 5167
532 452 597 522 194
752 451 1005 515 ARCHELAI
1036 453 1100 515 ΕΤ
1132 452 1354 517 MANETIS

531 627 631 695 niens
659 638 778 696 autem
803 649 925 697 vocem
954 628 1061 696 etiam
1091 629 1135 697 de
1161 627 1337 698 Paraclito
1363 629 1515 720 positam
1540 629 1572 697 in

532 741 732 834 Scripturis,
750 745 977 834 semetipsum
997 765 1072 813 esse
1090 744 1249 835 subjecit,
1268 746 1329 836 qui
1350 768 1423 814 non
1444 744 1573 838 legerat

532 858 729 952 diligenter,
756 860 838 950 quia
869 858 1065 929 Paraclitus
1087 860 1164 950 jam
1191 869 1277 931 tunc
1307 862 1473 941 venisset,
1498 884 1573 932 cum

531 972 697 1065 Apostoli
715 975 829 1045 adhuc
850 985 967 1045 essent
990 997 1094 1066 super
1111 984 1251 1046 terram.
1303 976 1372 1046 His
1395 999 1482 1070 ergo
1504 988 1573 1047 tam

531 1089 700 1160 scelerate
717 1090 931 1182 compositis,
948 1092 1062 1159 mittit
1079 1101 1117 1161 et
1133 1092 1322 1184 discipulos
1346 1114 1428 1163 suos
1452 1092 1574 1185 praedi-

530 1215 670 1276 caturos
698 1207 872 1298 intrepide
896 1207 999 1277 fictos
1024 1207 1276 1300 simulatosque
1298 1230 1444 1292 errores,
1462 1218 1501 1280 et
1518 1233 1574 1279 no

531 1345 591 1392 vas
617 1321 790 1414 falsasque
813 1345 917 1392 voces
945 1325 1214 1394 annuntiaturos
1239 1346 1302 1417 per
1326 1324 1405 1395 loca
1428 1324 1572 1418 singula

531 1437 636 1521 Quod
671 1462 753 1508 cum
783 1462 846 1508 rex
873 1435 1059 1509 Persarum
1088 1441 1320 1533 cognovisset,
1350 1442 1468 1535 dignis
1495 1464 1572 1511 eum

529 1554 709 1645 suppliciis
726 1554 876 1624 subdere
894 1562 1003 1645 parat.
1056 1553 1137 1637 Quo
1156 1552 1285 1624 Manes
1303 1556 1438 1648 agnito,
1457 1555 1574 1626 admo·

529 1670 626 1739 nitus
643 1671 680 1738 in
704 1671 845 1751 somnis,
862 1667 1000 1761 elapsus
1024 1670 1069 1739 de
1094 1692 1244 1753 carcere,
1263 1672 1299 1741 in
1317 1672 1438 1765 fugam
1458 1695 1574 1743 versus

529 1795 596 1871 est,
613 1809 698 1856 auro
717 1785 868 1877 plurimo
892 1785 1097 1854 custodibus
1122 1788 1303 1877 corruptis,
1322 1797 1360 1856 et
1383 1789 1516 1858 mansit
1541 1789 1574 1857 in

528 1901 674 1971 castello
704 1899 904 1971 Arabionis.
957 1898 1064 1969 Unde
1098 1902 1262 1992 scriptam
1294 1901 1481 1993 epistolam
1516 1925 1574 1994 per

528 2015 728 2087 Turbonem
747 2017 791 2085 ad
809 2014 1021 2085 Marcellum
1047 2024 1205 2084 nostrum
1232 2017 1341 2099 misit,
1358 2017 1395 2085 in
1413 2040 1486 2109 qua
1508 2019 1574 2109 sig·

527 2133 683 2203 nificavit
701 2154 739 2201 se
756 2154 831 2201 esse
849 2140 1048 2201 venturum.
1101 2130 1203 2214 aQuo
1224 2153 1306 2200 cum
1324 2133 1488 2214 venisset,
1507 2132 1573 2202 fuit

528 2250 629 2318 nobis
647 2260 826 2317 certamen
844 2246 924 2328 tale,
943 2246 1047 2338 quale
1065 2257 1103 2315 et
1123 2246 1180 2315 hic
1198 2248 1344 2331 vidistis,
1362 2258 1401 2318 et
1417 2249 1571 2330 audistis,

527 2365 562 2432 in
581 2387 662 2454 quo,
681 2373 785 2455 prout
808 2365 999 2455 potuimus,
1018 2362 1237 2432 ostendimus
1255 2386 1336 2432 eum
1358 2366 1572 2457 pseudopro-

527 2478 683 2571 phetam.
727 2480 800 2550 Sed
817 2489 936 2550 custos
953 2479 1098 2571 quidem
1116 2480 1272 2562 carceris,
1288 2483 1351 2571 qui
1369 2504 1453 2550 eum
1471 2482 1573 2550 dimi-

527 2606 630 2678 serat,
657 2597 802 2688 punitus
832 2605 907 2678 est;
932 2619 995 2664 rex
1024 2617 1107 2664 vero
1137 2618 1219 2665 eum
1243 2597 1371 2687 requiri
1391 2598 1510 2688 jussit,
1537 2606 1572 2666 et

526 2708 584 2780 bin
603 2713 869 2803 quibuscunque
887 2711 973 2780 locis
991 2719 1169 2801 repertum
1187 2710 1449 2802 comprehendi.
1486 2711 1573 2781 Haec

526 2850 608 2897 cum
637 2851 703 2920 ego
733 2827 984 2920 cognovissem,
1017 2827 1250 2895 necessarium
1281 2825 1348 2895 fuit
1378 2849 1437 2896 me
1466 2829 1574 2896 etiam

527 2944 625 3013 vobis
646 2944 811 3026 indicare,
830 2945 912 3034 quia
935 2944 1125 3033 requiritur
1148 2944 1214 3012 iste
1241 2965 1262 3011 a
1287 2966 1370 3035 rege
1389 2943 1574 3014 Persarum

526 3082 637 3151 usque
656 3062 691 3127 in
709 3060 916 3129 hodiernum
937 3061 1042 3128 diem.

578 3175 657 3247 LV.
687 3175 754 3244 His
773 3177 910 3257 auditis,
930 3175 1041 3243 turbae
1060 3175 1226 3243 volebant
1245 3173 1392 3243 Manem
1414 3199 1572 3268 compre·

525 3293 674 3361 lrensum
710 3292 850 3360 tradere
881 3291 1072 3382 cpotestati
1109 3290 1344 3369 barbarorum,
1376 3292 1438 3381 qui
1473 3303 1573 3361 erant

525 3541 612 3587 autem
634 3533 714 3587 etiam
736 3533 768 3586 de
781 3532 924 3588 Paraclito
942 3533 1061 3606 positum
1076 3533 1102 3586 ia
1118 3531 1276 3605 Scripturis.
1320 3531 1402 3597 Mox,
1418 3534 1504 3589 mittit
1518 3535 1571 3590 dis·

525 3630 627 3703 cipulos
648 3650 720 3696 suos,
742 3630 801 3686 sine
823 3630 959 3703 particula
981 3639 1015 3685 el.
1059 3630 1137 3700 (For.
1160 3628 1364 3703 praelerendum
1391 3639 1435 3685 est
1457 3632 1572 3687 verbum

518 3727 680 3801 fugarent.)

566 3833 581 3863 ⁸
596 3823 667 3879 Cod.
685 3824 751 3879 vat.
771 3824 828 3885 Quo
844 3843 903 3879 cum
918 3824 1075 3879 advenisset.
1117 3823 1204 3879 Paulo
1225 3832 1300 3897 post,
1312 3824 1571 3900 pseudoprophetam

525 3940 582 3976 esse
596 3922 746 3994 manifeste.
778 3920 842 3976 Sed.
888 3921 965 3991 (For.
983 3920 1198 3994 recipiendum.)

565 4014 580 4057 b
596 4019 675 4074 Idem
698 4019 760 4072 cod.
777 4019 803 4072 ia
818 4018 1022 4092 quibuscumque
1036 4019 1102 4074 locis
1117 4027 1252 4093 repertum
1271 4017 1435 4073 ostendimus
1457 4039 1571 4094 campre-

523 4116 610 4171 leudi.
656 4116 796 4178 Fortasse,
814 4116 1002 4188 offenderetur,
1020 4115 1213 4190 comprehendi.

564 4224 576 4254 ί·
592 4213 625 4268 ln
640 4213 740 4268 codem
752 4214 814 4269 cod.
827 4213 893 4268 vat.
906 4215 1037 4287 potestati
1051 4213 1237 4274 barbarorum,
1250 4213 1298 4286 qui
1311 4222 1389 4268 eraut
1403 4215 1486 4269 uicini
1501 4214 1571 4270 ultra

523 4308 650 4365 Stracum
658 4310 783 4383 fluvium.
828 4309 909 4373 Mox,
924 4318 1051 4364 venerant
1066 4310 1172 4383 quidam
1187 4309 1321 4365 domiuum
1338 4312 1374 4365 ad
1388 4311 1571 4385 requirendum

526 4426 593 4472 cum,
608 4426 658 4480 quo
673 4426 800 4481 nusquam
817 4415 932 4481 reperto,
948 4407 1139 4462 discesserunt.
