3900 5167
585 442 829 506 RESPONSA
851 442 919 504 ΑΙ)
942 440 1206 504 EPISCOPOS.
1350 436 1414 504 265

366 608 534 703 baptismo
560 608 726 681 Ecclesia
755 611 997 688 remittentem
1031 610 1091 701 qoi
1120 607 1315 679 ltoercticum
1346 630 1415 680 ocos

366 723 528 819 baptizat,
540 726 715 818 peccatori
731 725 967 795 communicat.

419 838 513 921 Quid
532 839 592 908 ille
609 841 669 930 qui
688 840 754 909 boc
772 840 915 910 facienti
934 842 1182 920 communicat,
1200 862 1317 909 noune
1334 861 1415 931 pec·

367 953 478 1022 catoni
495 952 756 1022 communicat?
784 953 879 1035 Quid
897 959 1018 1021 autem
1036 949 1131 1021 aliud
1146 950 1323 1020 faciebant
1341 974 1415 1020 onr-

367 1089 431 1136 ues
453 1066 656 1157 judicantes
683 1069 871 1148 nemiuem,
901 1075 964 1135 aut
998 1088 1020 1134 a
1046 1066 1128 1156 jure
1158 1065 1416 1134 communionis

366 1190 573 1250 amoventes
590 1181 726 1252 diversa
748 1178 986 1251 sentientem?
1015 1177 1086 1248 Ubi
1112 1189 1166 1247 est
1189 1201 1272 1271 ergo
1291 1176 1415 1247 Eccle-

366 1293 442 1365 sial
467 1295 529 1365 Au
546 1297 772 1387 patientibus,
790 1307 828 1366 et
852 1318 896 1364 ue
921 1295 1078 1364 triticum
1101 1294 1306 1374 eradicetur,
1325 1293 1578 1367 ziza-ummo.

367 1412 426 1478 nia
448 1410 681 1480 tolerantibus
707 1413 775 1480 ista
800 1433 871 1480 nou
895 1407 1048 1480 obsunt?
1074 1407 1226 1476 ⁰Dicaut
1244 1430 1327 1499 ergo
1344 1408 1413 1489 isti,
1424 1395 1463 1443 '⁹'

366 1523 427 1612 qui
458 1545 496 1592 se
523 1523 568 1593 ab
594 1524 678 1593 orbe
707 1535 878 1594 terrarum
905 1523 1034 1592 frustra
1059 1521 1250 1612 separando
1276 1520 1415 1592 sacrile-

365 1636 463 1726 gium
491 1636 689 1706 schismatis
714 1636 943 1717 admiserunt,
961 1643 1002 1704 ut
1025 1634 1109 1726 quid
1136 1633 1269 1706 habeut
1294 1636 1328 1703 in
1354 1658 1414 1706 ore

366 1751 579 1819 sententiam
602 1749 778 1843 Cypriani,
804 1750 865 1841 qui
892 1772 962 1818 uon
991 1749 1124 1818 habeut
1153 1750 1187 1818 in
1216 1749 1321 1819 corde
1345 1749 1414 1841 Cy·

367 1864 477 1953 priani
496 1863 729 1954 patientiam?
749 1862 845 1933 Huic
859 1873 980 1933 autem
996 1861 1170 1933 Marcello
1183 1863 1414 1954 respondetur

366 2000 412 2046 ex
442 1976 497 2046 bis
523 2000 602 2068 quae
631 1975 675 2046 de
704 1977 880 2067 baptismo
902 1985 940 2045 et
961 1978 1165 2046 remissione
1188 1987 1413 2076 peccatorum

366 2093 595 2182 supradicta
628 2090 931 2182 sunt‚'quomodo
961 2092 1073 2182 possit
1106 2114 1183 2161 esse
1218 2091 1414 2184 baptismus

366 2208 401 2275 in
429 2206 582 2287 homine,
609 2206 769 2295 quamvis
795 2228 867 2275 uon
897 2206 1005 2275 sitin
1037 2229 1078 2275 eo
1108 2207 1265 2276 remissio
1291 2229 1415 2296 pecca·

366 2332 495 2390 torum.

418 2433 570 2501 Irenaeus
582 2432 627 2501 ab
638 2431 757 2502 Ululis
771 2432 880 2501 dixit:
899 2430 944 2503 Si
958 2431 1035 2501 idco
1045 2429 1202 2502 Ecclesia
1214 2431 1412 2503 hoereticum
1422 2461 1486 2512 err.
1501 2462 1539 2513 10,

365 2568 435 2617 coo
451 2544 611 2640 baptizat,
626 2544 718 2639 qood
732 2544 869 2616 dicotur
875 2544 953 2636 jam
971 2543 1163 2639 baptizatos
1179 2569 1259 2629 csse,
1272 2545 1413 2618 ltoercais

366 2660 476 2752 major
493 2669 550 2730 cst.

417 2775 686 2867 Respondetur:
714 2773 795 2843 Hoc
812 2774 918 2844 modo
937 2776 1006 2844 dici
1029 2785 1158 2866 potest,
1177 2776 1204 2845 si
1228 2776 1309 2847 ideo
1332 2799 1413 2848 ava·

364 2912 444 2959 rum
470 2888 630 2959 Ecclesia
655 2912 724 2958 uon
751 2889 918 2979 baptizat,
935 2891 1030 2980 quod
1049 2891 1187 2960 dicatur
1202 2891 1278 2982 jam
1299 2892 1414 2985 bapti,-

364 3014 464 3074 uatus
489 3026 575 3085 esse,
593 3004 739 3073 avaritia
768 3004 880 3094 major
904 3015 971 3074 est.
1026 3004 1107 3074 Hoc
1138 3014 1258 3075 autem
1284 3004 1412 3080 falsum

364 3128 438 3189 est:
466 3117 516 3187 ita
533 3140 617 3208 ergo
635 3125 673 3187 et
689 3116 789 3186 illud.

414 3229 579 3300 Donatus
604 3253 625 3299 a
650 3230 832 3301 Cibaliaua
857 3232 968 3301 dixit:
995 3231 1072 3329 Epo
1097 3257 1200 3303 onom
1221 3233 1484 3306 Ecclesiomosr.
1499 3271 1537 3320 ις.

364 3353 396 3415 et
421 3368 527 3414 onom
552 3342 755 3437 baptismum
778 3344 849 3436 mitt
873 3346 964 3417 coci.
1016 3346 1061 3419 Si
1081 3356 1130 3417 cot
1150 3349 1210 3441 qui
1229 3348 1322 3418 dicct
1341 3373 1412 3420 ecto

364 3456 650 3552 spantoriacos
667 3456 828 3553 baptismi
839 3460 1004 3555 qratiam,
1022 3469 1100 3532 aon
1121 3470 1170 3531 cst
1195 3471 1232 3531 ot
1258 3462 1411 3533 ostotdot

363 3581 395 3642 ct
405 3571 527 3667 prodet
543 3595 613 3641 eote
629 3570 702 3642 illic
718 3570 918 3643 Ecclesium.

414 3686 512 3756 Huic
529 3687 780 3777 respondetur:
808 3687 846 3757 si
872 3688 1040 3778 baptismi
1065 3689 1214 3781 gratiam
1241 3689 1308 3760 hoo
1331 3713 1408 3761 esse

363 3801 450 3870 dicis
467 3802 560 3892 quod
579 3810 632 3869 est
650 3801 855 3892 baptismus,
874 3811 928 3871 est
952 3802 1046 3892 apud
1069 3802 1274 3874 haereticos:
1301 3803 1330 3874 si
1346 3828 1409 3875 au·

362 3924 435 3983 tem
464 3915 660 4005 baptismus
689 3926 947 3984 sacramentum
979 3926 1034 3985 est
1063 3918 1197 4008 gratiae,
1224 3919 1300 4009 ipsa
1324 3942 1407 3991 vero

361 4030 475 4121 gratia
490 4028 637 4098 abolitio
655 4040 881 4119 peccatorum
900 4042 963 4109 est,
982 4053 1052 4099 nou
1075 4041 1128 4100 est
1154 4033 1246 4123 apud
1270 4033 1408 4105 lucreti-

443 4278 458 4310 0
474 4268 574 4327 Plures
588 4269 678 4327 MSS.
697 4272 824 4328 Discunt.
869 4271 947 4341 (Hoc
961 4271 1047 4328 habet
1061 4272 1151 4329 codex
1166 4273 1237 4329 alter
1250 4276 1351 4345 meus.)

406 4383 472 4424 vos.
486 4385 515 4423 v.
864 4385 888 4425 ss
902 4385 933 4425 m
