<?xml version="1.0" encoding="UTF-8"?>
<!DOCTYPE html PUBLIC "-//W3C//DTD XHTML 1.0 Transitional//EN"
    "http://www.w3.org/TR/xhtml1/DTD/xhtml1-transitional.dtd">
<html xmlns="http://www.w3.org/1999/xhtml" xml:lang="en" lang="en">
 <head>
  <title>
</title>
<meta http-equiv="Content-Type" content="text/html;charset=utf-8" />
  <meta name='ocr-system' content='tesseract 3.04.00' />
  <meta name='ocr-capabilities' content='ocr_page ocr_carea ocr_par ocr_line ocrx_word'/>
</head>
<body>
  <div class='ocr_page' id='page_1' title='image "./reliquiaesacrae05routgoog_0284.png"; bbox 0 0 3900 5167; ppageno 0'>
   <div class='ocr_carea' id='block_1_1' title="bbox 340 426 1030 490">
    <p class='ocr_par' dir='ltr' id='par_1_1' title="bbox 340 426 1030 490">
     <span class='ocr_line' id='line_1_1' title="bbox 340 426 1030 490; baseline 0 0"><span class='ocrx_word' id='word_1_1' title='bbox 340 426 406 490; x_wconf 68' lang='lat'>272</span> <span class='ocrx_word' id='word_1_2' title='bbox 708 426 739 487; x_wconf 92' lang='lat' dir='ltr'>S.</span> <span class='ocrx_word' id='word_1_3' title='bbox 757 426 1030 489; x_wconf 87' lang='lat' dir='ltr'>AUGUSTINI</span> 
     </span>
    </p>
   </div>
   <div class='ocr_carea' id='block_1_2' title="bbox 292 596 1391 3883">
    <p class='ocr_par' dir='ltr' id='par_1_2' title="bbox 342 596 1391 1242">
     <span class='ocr_line' id='line_1_2' title="bbox 393 596 1389 688; baseline 0.002 -23"><span class='ocrx_word' id='word_1_4' title='bbox 393 596 453 666; x_wconf 85' lang='lat' dir='ltr'>Sic</span> <span class='ocrx_word' id='word_1_5' title='bbox 478 605 531 665; x_wconf 90' lang='lat' dir='ltr'>est</span> <span class='ocrx_word' id='word_1_6' title='bbox 557 619 667 666; x_wconf 91' lang='lat' dir='ltr'>unum</span> <span class='ocrx_word' id='word_1_7' title='bbox 690 596 867 688; x_wconf 74' lang='lat' dir='ltr'>baptismo.</span> <span class='ocrx_word' id='word_1_8' title='bbox 894 598 930 665; x_wconf 92' lang='lat' dir='ltr'>iu</span> <span class='ocrx_word' id='word_1_9' title='bbox 958 596 1120 667; x_wconf 79' lang='lat' dir='ltr'><strong>Ecclesia</strong></span> <span class='ocrx_word' id='word_1_10' title='bbox 1149 596 1335 679; x_wconf 75' lang='lat' dir='ltr'>catholica,</span> <span class='ocrx_word' id='word_1_11' title='bbox 1351 606 1389 667; x_wconf 87' lang='lat' dir='ltr'>ut</span> 
     </span>
     <span class='ocr_line' id='line_1_3' title="bbox 342 714 1389 807; baseline 0.001 -22"><span class='ocrx_word' id='word_1_12' title='bbox 342 738 423 785; x_wconf 89' lang='lat' dir='ltr'>curn</span> <span class='ocrx_word' id='word_1_13' title='bbox 452 716 582 785; x_wconf 86' lang='lat' dir='ltr'>exinde</span> <span class='ocrx_word' id='word_1_14' title='bbox 608 714 716 805; x_wconf 84' lang='lat' dir='ltr'><strong>aliqui</strong></span> <span class='ocrx_word' id='word_1_15' title='bbox 744 717 907 797; x_wconf 83' lang='lat' dir='ltr'>exierint,</span> <span class='ocrx_word' id='word_1_16' title='bbox 925 717 961 784; x_wconf 93' lang='lat' dir='ltr'>in</span> <span class='ocrx_word' id='word_1_17' title='bbox 987 715 1042 784; x_wconf 89' lang='lat' dir='ltr'>bis</span> <span class='ocrx_word' id='word_1_18' title='bbox 1067 717 1128 807; x_wconf 90' lang='lat' dir='ltr'>qui</span> <span class='ocrx_word' id='word_1_19' title='bbox 1155 726 1306 799; x_wconf 84' lang='lat' dir='ltr'>exeunt,</span> <span class='ocrx_word' id='word_1_20' title='bbox 1323 739 1389 786; x_wconf 90' lang='lat' dir='ltr'>non</span> 
     </span>
     <span class='ocr_line' id='line_1_4' title="bbox 342 829 1391 924; baseline 0.002 -26"><span class='ocrx_word' id='word_1_21' title='bbox 342 829 430 898; x_wconf 83' lang='lat' dir='ltr'>finnt</span> <span class='ocrx_word' id='word_1_22' title='bbox 456 830 535 906; x_wconf 89' lang='lat' dir='ltr'>duo,</span> <span class='ocrx_word' id='word_1_23' title='bbox 559 830 618 898; x_wconf 86' lang='lat' dir='ltr'>sed</span> <span class='ocrx_word' id='word_1_24' title='bbox 645 830 738 898; x_wconf 88' lang='lat' dir='ltr'>idem</span> <span class='ocrx_word' id='word_1_25' title='bbox 768 852 877 899; x_wconf 92' lang='lat' dir='ltr'>uuum</span> <span class='ocrx_word' id='word_1_26' title='bbox 906 839 1059 899; x_wconf 55' lang='lat' dir='ltr'>manenti</span> <span class='ocrx_word' id='word_1_27' title='bbox 1111 830 1220 913; x_wconf 86' lang='lat' dir='ltr'>Quod</span> <span class='ocrx_word' id='word_1_28' title='bbox 1245 852 1331 924; x_wconf 77' lang='lat' dir='ltr'>ergo</span> <span class='ocrx_word' id='word_1_29' title='bbox 1357 833 1391 900; x_wconf 93' lang='lat' dir='ltr'>in</span> 
     </span>
     <span class='ocr_line' id='line_1_5' title="bbox 343 943 1390 1036; baseline 0.004 -25"><span class='ocrx_word' id='word_1_30' title='bbox 343 943 572 1013; x_wconf 78' lang='lat' dir='ltr'>redeuntibus</span> <span class='ocrx_word' id='word_1_31' title='bbox 591 944 803 1036; x_wconf 81' lang='lat' dir='ltr'>agnoscitur,</span> <span class='ocrx_word' id='word_1_32' title='bbox 821 944 888 1013; x_wconf 93' lang='lat' dir='ltr'>boc</span> <span class='ocrx_word' id='word_1_33' title='bbox 911 954 949 1015; x_wconf 88' lang='lat' dir='ltr'>et</span> <span class='ocrx_word' id='word_1_34' title='bbox 972 946 1009 1013; x_wconf 92' lang='lat' dir='ltr'>in</span> <span class='ocrx_word' id='word_1_35' title='bbox 1033 946 1084 1014; x_wconf 91' lang='lat' dir='ltr'>eis</span> <span class='ocrx_word' id='word_1_36' title='bbox 1107 946 1167 1036; x_wconf 92' lang='lat' dir='ltr'>qui</span> <span class='ocrx_word' id='word_1_37' title='bbox 1186 968 1210 1015; x_wconf 75' lang='lat' dir='ltr'><strong>a</strong></span> <span class='ocrx_word' id='word_1_38' title='bbox 1226 945 1390 1015; x_wconf 85' lang='lat' dir='ltr'>receden-</span> 
     </span>
     <span class='ocr_line' id='line_1_6' title="bbox 344 1057 1389 1150; baseline 0.001 -23"><span class='ocrx_word' id='word_1_39' title='bbox 344 1057 438 1127; x_wconf 82' lang='lat' dir='ltr'>tibus</span> <span class='ocrx_word' id='word_1_40' title='bbox 471 1067 693 1150; x_wconf 75' lang='lat' dir='ltr'>ccceperuut,</span> <span class='ocrx_word' id='word_1_41' title='bbox 728 1057 822 1148; x_wconf 91' lang='lat' dir='ltr'>quod</span> <span class='ocrx_word' id='word_1_42' title='bbox 860 1057 911 1127; x_wconf 93' lang='lat' dir='ltr'>illi</span> <span class='ocrx_word' id='word_1_43' title='bbox 946 1081 1028 1129; x_wconf 87' lang='lat' dir='ltr'>cum</span> <span class='ocrx_word' id='word_1_44' title='bbox 1067 1059 1287 1139; x_wconf 84' lang='lat' dir='ltr'>recederent,</span> <span class='ocrx_word' id='word_1_45' title='bbox 1323 1083 1389 1130; x_wconf 89' lang='lat' dir='ltr'>non</span> 
     </span>
     <span class='ocr_line' id='line_1_7' title="bbox 343 1173 545 1242; baseline 0.005 -2"><span class='ocrx_word' id='word_1_46' title='bbox 343 1173 545 1242; x_wconf 82' lang='lat' dir='ltr'>amiserunt.</span> 
     </span>
    </p>

    <p class='ocr_par' dir='ltr' id='par_1_3' title="bbox 394 1286 1391 1360">
     <span class='ocr_line' id='line_1_8' title="bbox 394 1286 1391 1360; baseline 0.003 -5"><span class='ocrx_word' id='word_1_47' title='bbox 394 1286 487 1355; x_wconf 88' lang='lat' dir='ltr'>Item</span> <span class='ocrx_word' id='word_1_48' title='bbox 505 1287 594 1357; x_wconf 87' lang='lat' dir='ltr'>nlius</span> <span class='ocrx_word' id='word_1_49' title='bbox 612 1286 743 1358; x_wconf 86' lang='lat' dir='ltr'>Lucius</span> <span class='ocrx_word' id='word_1_50' title='bbox 759 1289 804 1359; x_wconf 84' lang='lat' dir='ltr'>nb</span> <span class='ocrx_word' id='word_1_51' title='bbox 818 1286 953 1358; x_wconf 81' lang='lat' dir='ltr'>Ausafn</span> <span class='ocrx_word' id='word_1_52' title='bbox 969 1288 1081 1357; x_wconf 84' lang='lat' dir='ltr'>dixit:</span> <span class='ocrx_word' id='word_1_53' title='bbox 1106 1286 1306 1360; x_wconf 79' lang='lat' dir='ltr'>Secundum</span> <span class='ocrx_word' id='word_1_54' title='bbox 1323 1311 1391 1358; x_wconf 72' lang='lat' dir='ltr'>mo</span> 
     </span>
    </p>

    <p class='ocr_par' dir='ltr' id='par_1_4' title="bbox 292 1393 1391 2067">
     <span class='ocr_line' id='line_1_9' title="bbox 292 1393 1390 1496; baseline 0.002 -25"><span class='ocrx_word' id='word_1_55' title='bbox 292 1393 416 1471; x_wconf 56' lang='lat' dir='ltr'>“tum</span> <span class='ocrx_word' id='word_1_56' title='bbox 438 1402 548 1470; x_wconf 85' lang='lat' dir='ltr'>animi</span> <span class='ocrx_word' id='word_1_57' title='bbox 573 1402 640 1471; x_wconf 88' lang='lat' dir='ltr'>mei</span> <span class='ocrx_word' id='word_1_58' title='bbox 665 1410 697 1471; x_wconf 85' lang='lat' dir='ltr'>et</span> <span class='ocrx_word' id='word_1_59' title='bbox 716 1400 872 1496; x_wconf 78' lang='lat' dir='ltr'>Spiritus</span> <span class='ocrx_word' id='word_1_60' title='bbox 893 1402 1013 1483; x_wconf 78' lang='lat' dir='ltr'>suncti,</span> <span class='ocrx_word' id='word_1_61' title='bbox 1030 1425 1105 1472; x_wconf 81' lang='lat' dir='ltr'>cum</span> <span class='ocrx_word' id='word_1_62' title='bbox 1124 1402 1171 1471; x_wconf 79' lang='lat' dir='ltr'>sit</span> <span class='ocrx_word' id='word_1_63' title='bbox 1188 1425 1280 1472; x_wconf 76' lang='lat' dir='ltr'>nnus</span> <span class='ocrx_word' id='word_1_64' title='bbox 1297 1400 1390 1473; x_wconf 75' lang='lat' dir='ltr'>Deus</span> 
     </span>
     <span class='ocr_line' id='line_1_10' title="bbox 344 1513 1389 1600; baseline 0 -15"><span class='ocrx_word' id='word_1_65' title='bbox 344 1514 454 1585; x_wconf 79' lang='lat' dir='ltr'>Pater</span> <span class='ocrx_word' id='word_1_66' title='bbox 470 1513 618 1585; x_wconf 82' lang='lat' dir='ltr'>Domini</span> <span class='ocrx_word' id='word_1_67' title='bbox 643 1516 754 1585; x_wconf 78' lang='lat' dir='ltr'>nostri</span> <span class='ocrx_word' id='word_1_68' title='bbox 769 1515 857 1586; x_wconf 80' lang='lat' dir='ltr'>Jesu</span> <span class='ocrx_word' id='word_1_69' title='bbox 881 1514 1026 1598; x_wconf 67' lang='lat' dir='ltr'>Corne,</span> <span class='ocrx_word' id='word_1_70' title='bbox 1047 1524 1078 1585; x_wconf 83' lang='lat' dir='ltr'>et</span> <span class='ocrx_word' id='word_1_71' title='bbox 1104 1538 1195 1585; x_wconf 75' lang='lat' dir='ltr'>unus</span> <span class='ocrx_word' id='word_1_72' title='bbox 1218 1513 1389 1600; x_wconf 71' lang='lat' dir='ltr'>Christro,</span> 
     </span>
     <span class='ocr_line' id='line_1_11' title="bbox 344 1628 1391 1724; baseline 0.002 -25"><span class='ocrx_word' id='word_1_73' title='bbox 344 1638 376 1699; x_wconf 83' lang='lat' dir='ltr'>et</span> <span class='ocrx_word' id='word_1_74' title='bbox 401 1652 470 1698; x_wconf 79' lang='lat' dir='ltr'>nnn</span> <span class='ocrx_word' id='word_1_75' title='bbox 496 1652 579 1722; x_wconf 77' lang='lat' dir='ltr'>spos,</span> <span class='ocrx_word' id='word_1_76' title='bbox 602 1653 691 1699; x_wconf 78' lang='lat' dir='ltr'>unns</span> <span class='ocrx_word' id='word_1_77' title='bbox 716 1631 871 1724; x_wconf 70' lang='lat' dir='ltr'>spiritis,</span> <span class='ocrx_word' id='word_1_78' title='bbox 894 1653 963 1699; x_wconf 80' lang='lat' dir='ltr'>unu</span> <span class='ocrx_word' id='word_1_79' title='bbox 980 1628 1148 1712; x_wconf 75' lang='lat' dir='ltr'>Ecclesia,</span> <span class='ocrx_word' id='word_1_80' title='bbox 1167 1653 1277 1700; x_wconf 77' lang='lat' dir='ltr'>norem</span> <span class='ocrx_word' id='word_1_81' title='bbox 1303 1629 1391 1701; x_wconf 80' lang='lat' dir='ltr'>debet</span> 
     </span>
     <span class='ocr_line' id='line_1_12' title="bbox 343 1742 1391 1838; baseline 0.002 -25"><span class='ocrx_word' id='word_1_82' title='bbox 343 1767 414 1814; x_wconf 78' lang='lat' dir='ltr'>cose</span> <span class='ocrx_word' id='word_1_83' title='bbox 432 1752 479 1813; x_wconf 82' lang='lat' dir='ltr'>¹et</span> <span class='ocrx_word' id='word_1_84' title='bbox 494 1742 672 1838; x_wconf 70' lang='lat' dir='ltr'>baptimo.</span> <span class='ocrx_word' id='word_1_85' title='bbox 723 1743 773 1814; x_wconf 87' lang='lat' dir='ltr'>Et</span> <span class='ocrx_word' id='word_1_86' title='bbox 791 1744 866 1815; x_wconf 86' lang='lat' dir='ltr'>ideo</span> <span class='ocrx_word' id='word_1_87' title='bbox 883 1744 970 1825; x_wconf 85' lang='lat' dir='ltr'>dice,</span> <span class='ocrx_word' id='word_1_88' title='bbox 988 1753 1020 1814; x_wconf 88' lang='lat' dir='ltr'>et</span> <span class='ocrx_word' id='word_1_89' title='bbox 1041 1745 1074 1813; x_wconf 79' lang='lat' dir='ltr'>si</span> <span class='ocrx_word' id='word_1_90' title='bbox 1091 1744 1178 1837; x_wconf 83' lang='lat' dir='ltr'>quid</span> <span class='ocrx_word' id='word_1_91' title='bbox 1195 1745 1311 1838; x_wconf 72' lang='lat' dir='ltr'>‘apud</span> <span class='ocrx_word' id='word_1_92' title='bbox 1325 1744 1391 1816; x_wconf 78' lang='lat' dir='ltr'>ioe·</span> 
     </span>
     <span class='ocr_line' id='line_1_13' title="bbox 345 1856 1391 1952; baseline 0.004 -25"><span class='ocrx_word' id='word_1_93' title='bbox 345 1860 467 1929; x_wconf 78' lang='lat' dir='ltr'>reticos</span> <span class='ocrx_word' id='word_1_94' title='bbox 492 1866 618 1927; x_wconf 84' lang='lat' dir='ltr'>motum</span> <span class='ocrx_word' id='word_1_95' title='bbox 644 1867 704 1928; x_wconf 83' lang='lat' dir='ltr'>cut</span> <span class='ocrx_word' id='word_1_96' title='bbox 718 1856 857 1952; x_wconf 80' lang='lat' dir='ltr'>factum</span> <span class='ocrx_word' id='word_1_97' title='bbox 872 1856 1001 1952; x_wconf 64' lang='lat' dir='ltr'>fucrit,</span> <span class='ocrx_word' id='word_1_98' title='bbox 1018 1856 1170 1928; x_wconf 75' lang='lat' dir='ltr'>rescindi</span> <span class='ocrx_word' id='word_1_99' title='bbox 1195 1858 1337 1939; x_wconf 74' lang='lat' dir='ltr'>dedere:</span> <span class='ocrx_word' id='word_1_100' title='bbox 1360 1870 1391 1931; x_wconf 83' lang='lat' dir='ltr'>el</span> 
     </span>
     <span class='ocr_line' id='line_1_14' title="bbox 344 1971 1361 2067; baseline 0.005 -26"><span class='ocrx_word' id='word_1_101' title='bbox 344 1994 409 2055; x_wconf 80' lang='lat' dir='ltr'>eoo,</span> <span class='ocrx_word' id='word_1_102' title='bbox 428 1973 488 2065; x_wconf 85' lang='lat' dir='ltr'>qui</span> <span class='ocrx_word' id='word_1_103' title='bbox 505 1972 629 2042; x_wconf 67' lang='lat' dir='ltr'>caindo</span> <span class='ocrx_word' id='word_1_104' title='bbox 645 1976 792 2051; x_wconf 80' lang='lat' dir='ltr'>veniunt,</span> <span class='ocrx_word' id='word_1_105' title='bbox 810 1975 849 2043; x_wconf 82' lang='lat' dir='ltr'>iu</span> <span class='ocrx_word' id='word_1_106' title='bbox 865 1971 1022 2043; x_wconf 72' lang='lat' dir='ltr'>Ecclesia</span> <span class='ocrx_word' id='word_1_107' title='bbox 1038 1971 1266 2067; x_wconf 80' lang='lat' dir='ltr'>baptizandos</span> <span class='ocrx_word' id='word_1_108' title='bbox 1283 1999 1361 2046; x_wconf 80' lang='lat' dir='ltr'>csse.</span> 
     </span>
    </p>

    <p class='ocr_par' dir='ltr' id='par_1_5' title="bbox 343 2087 1391 3090">
     <span class='ocr_line' id='line_1_15' title="bbox 395 2087 1391 2179; baseline 0.004 -24"><span class='ocrx_word' id='word_1_109' title='bbox 395 2087 630 2157; x_wconf 82' lang='lat' dir='ltr'>Rescindntur</span> <span class='ocrx_word' id='word_1_110' title='bbox 642 2110 726 2179; x_wconf 81' lang='lat' dir='ltr'>ergo</span> <span class='ocrx_word' id='word_1_111' title='bbox 739 2089 833 2178; x_wconf 88' lang='lat' dir='ltr'>quod</span> <span class='ocrx_word' id='word_1_112' title='bbox 847 2088 1037 2178; x_wconf 83' lang='lat' dir='ltr'>baptizant,</span> <span class='ocrx_word' id='word_1_113' title='bbox 1048 2090 1108 2179; x_wconf 94' lang='lat' dir='ltr'>qui</span> <span class='ocrx_word' id='word_1_114' title='bbox 1122 2090 1277 2160; x_wconf 83' lang='lat' dir='ltr'>audiunt</span> <span class='ocrx_word' id='word_1_115' title='bbox 1287 2090 1391 2159; x_wconf 82' lang='lat' dir='ltr'>verbu</span> 
     </span>
     <span class='ocr_line' id='line_1_16' title="bbox 346 2199 1389 2295; baseline 0.006 -27"><span class='ocrx_word' id='word_1_116' title='bbox 346 2199 425 2281; x_wconf 89' lang='lat' dir='ltr'>Dei,</span> <span class='ocrx_word' id='word_1_117' title='bbox 445 2209 482 2269; x_wconf 90' lang='lat' dir='ltr'>et</span> <span class='ocrx_word' id='word_1_118' title='bbox 505 2224 574 2270; x_wconf 91' lang='lat' dir='ltr'>nou</span> <span class='ocrx_word' id='word_1_119' title='bbox 592 2201 737 2282; x_wconf 83' lang='lat' dir='ltr'>faciunt,</span> <span class='ocrx_word' id='word_1_120' title='bbox 756 2224 836 2271; x_wconf 87' lang='lat' dir='ltr'>cum</span> <span class='ocrx_word' id='word_1_121' title='bbox 860 2201 905 2270; x_wconf 85' lang='lat' dir='ltr'>nb</span> <span class='ocrx_word' id='word_1_122' title='bbox 931 2202 1117 2292; x_wconf 82' lang='lat' dir='ltr'>iniquitate</span> <span class='ocrx_word' id='word_1_123' title='bbox 1139 2204 1183 2271; x_wconf 82' lang='lat' dir='ltr'>ed</span> <span class='ocrx_word' id='word_1_124' title='bbox 1203 2205 1389 2295; x_wconf 80' lang='lat' dir='ltr'>justitiam,</span> 
     </span>
     <span class='ocr_line' id='line_1_17' title="bbox 345 2314 1390 2408; baseline 0.003 -25"><span class='ocrx_word' id='word_1_125' title='bbox 345 2314 412 2383; x_wconf 88' lang='lat' dir='ltr'>hoc</span> <span class='ocrx_word' id='word_1_126' title='bbox 430 2323 493 2396; x_wconf 90' lang='lat' dir='ltr'>est,</span> <span class='ocrx_word' id='word_1_127' title='bbox 507 2316 552 2384; x_wconf 84' lang='lat' dir='ltr'>ab</span> <span class='ocrx_word' id='word_1_128' title='bbox 569 2338 675 2384; x_wconf 82' lang='lat' dir='ltr'>arena</span> <span class='ocrx_word' id='word_1_129' title='bbox 691 2316 734 2384; x_wconf 82' lang='lat' dir='ltr'>nd</span> <span class='ocrx_word' id='word_1_130' title='bbox 755 2325 888 2406; x_wconf 82' lang='lat' dir='ltr'>petram</span> <span class='ocrx_word' id='word_1_131' title='bbox 907 2317 1058 2406; x_wconf 80' lang='lat' dir='ltr'>migrare</span> <span class='ocrx_word' id='word_1_132' title='bbox 1074 2320 1260 2408; x_wconf 89' lang='lat' dir='ltr'>coeperiut.</span> <span class='ocrx_word' id='word_1_133' title='bbox 1288 2318 1390 2402; x_wconf 86' lang='lat' dir='ltr'>Quod</span> 
     </span>
     <span class='ocr_line' id='line_1_18' title="bbox 345 2428 1389 2520; baseline 0.005 -23"><span class='ocrx_word' id='word_1_134' title='bbox 345 2430 371 2497; x_wconf 92' lang='lat' dir='ltr'>si</span> <span class='ocrx_word' id='word_1_135' title='bbox 400 2452 470 2497; x_wconf 92' lang='lat' dir='ltr'>non</span> <span class='ocrx_word' id='word_1_136' title='bbox 493 2430 546 2510; x_wconf 88' lang='lat' dir='ltr'>fit,</span> <span class='ocrx_word' id='word_1_137' title='bbox 564 2430 646 2519; x_wconf 83' lang='lat' dir='ltr'>quie</span> <span class='ocrx_word' id='word_1_138' title='bbox 668 2438 706 2497; x_wconf 90' lang='lat' dir='ltr'>et</span> <span class='ocrx_word' id='word_1_139' title='bbox 732 2431 766 2497; x_wconf 90' lang='lat' dir='ltr'>in</span> <span class='ocrx_word' id='word_1_140' title='bbox 793 2430 876 2520; x_wconf 88' lang='lat' dir='ltr'>ipsis</span> <span class='ocrx_word' id='word_1_141' title='bbox 898 2430 992 2519; x_wconf 90' lang='lat' dir='ltr'>quod</span> <span class='ocrx_word' id='word_1_142' title='bbox 1011 2428 1142 2498; x_wconf 84' lang='lat' dir='ltr'>Christi</span> <span class='ocrx_word' id='word_1_143' title='bbox 1160 2442 1251 2516; x_wconf 81' lang='lat' dir='ltr'>eret,</span> <span class='ocrx_word' id='word_1_144' title='bbox 1270 2456 1389 2502; x_wconf 87' lang='lat' dir='ltr'>corum</span> 
     </span>
     <span class='ocr_line' id='line_1_19' title="bbox 345 2542 1390 2635; baseline 0.006 -25"><span class='ocrx_word' id='word_1_145' title='bbox 345 2544 589 2635; x_wconf 85' lang='lat' dir='ltr'>iniquitatibus</span> <span class='ocrx_word' id='word_1_146' title='bbox 612 2566 683 2612; x_wconf 92' lang='lat' dir='ltr'>non</span> <span class='ocrx_word' id='word_1_147' title='bbox 701 2542 918 2625; x_wconf 80' lang='lat' dir='ltr'>violabatur;</span> <span class='ocrx_word' id='word_1_148' title='bbox 943 2542 1011 2612; x_wconf 85' lang='lat' dir='ltr'>hoc</span> <span class='ocrx_word' id='word_1_149' title='bbox 1029 2543 1137 2613; x_wconf 82' lang='lat' dir='ltr'>etiam</span> <span class='ocrx_word' id='word_1_150' title='bbox 1155 2544 1200 2613; x_wconf 86' lang='lat' dir='ltr'>de</span> <span class='ocrx_word' id='word_1_151' title='bbox 1219 2545 1390 2616; x_wconf 71' lang='lat' dir='ltr'>hereticis</span> 
     </span>
     <span class='ocr_line' id='line_1_20' title="bbox 344 2655 1389 2749; baseline 0.003 -25"><span class='ocrx_word' id='word_1_152' title='bbox 344 2657 582 2749; x_wconf 79' lang='lat' dir='ltr'>intelligutur:</span> <span class='ocrx_word' id='word_1_153' title='bbox 609 2680 691 2725; x_wconf 88' lang='lat' dir='ltr'>nam</span> <span class='ocrx_word' id='word_1_154' title='bbox 715 2679 780 2724; x_wconf 85' lang='lat' dir='ltr'>nec</span> <span class='ocrx_word' id='word_1_155' title='bbox 798 2657 921 2725; x_wconf 84' lang='lat' dir='ltr'>endem</span> <span class='ocrx_word' id='word_1_156' title='bbox 948 2678 1027 2746; x_wconf 90' lang='lat' dir='ltr'>spes</span> <span class='ocrx_word' id='word_1_157' title='bbox 1053 2655 1122 2725; x_wconf 90' lang='lat' dir='ltr'>illis</span> <span class='ocrx_word' id='word_1_158' title='bbox 1145 2668 1200 2726; x_wconf 91' lang='lat' dir='ltr'>est</span> <span class='ocrx_word' id='word_1_159' title='bbox 1223 2660 1389 2748; x_wconf 82' lang='lat' dir='ltr'>quamdiu</span> 
     </span>
     <span class='ocr_line' id='line_1_21' title="bbox 343 2770 1391 2860; baseline 0.004 -21"><span class='ocrx_word' id='word_1_160' title='bbox 343 2772 379 2839; x_wconf 93' lang='lat' dir='ltr'>iu</span> <span class='ocrx_word' id='word_1_161' title='bbox 398 2794 503 2840; x_wconf 82' lang='lat' dir='ltr'>arena</span> <span class='ocrx_word' id='word_1_162' title='bbox 524 2781 616 2850; x_wconf 90' lang='lat' dir='ltr'>sunt,</span> <span class='ocrx_word' id='word_1_163' title='bbox 634 2794 710 2860; x_wconf 80' lang='lat' dir='ltr'>quae</span> <span class='ocrx_word' id='word_1_164' title='bbox 736 2770 804 2838; x_wconf 88' lang='lat' dir='ltr'>illis</span> <span class='ocrx_word' id='word_1_165' title='bbox 830 2770 888 2860; x_wconf 93' lang='lat' dir='ltr'>qui</span> <span class='ocrx_word' id='word_1_166' title='bbox 917 2792 1022 2859; x_wconf 89' lang='lat' dir='ltr'>super</span> <span class='ocrx_word' id='word_1_167' title='bbox 1046 2778 1180 2860; x_wconf 82' lang='lat' dir='ltr'>petram</span> <span class='ocrx_word' id='word_1_168' title='bbox 1209 2782 1315 2852; x_wconf 90' lang='lat' dir='ltr'>sunt;</span> <span class='ocrx_word' id='word_1_169' title='bbox 1341 2784 1391 2843; x_wconf 84' lang='lat' dir='ltr'>ta-</span> 
     </span>
     <span class='ocr_line' id='line_1_22' title="bbox 345 2883 1390 2973; baseline 0.004 -21"><span class='ocrx_word' id='word_1_170' title='bbox 345 2907 425 2953; x_wconf 88' lang='lat' dir='ltr'>men</span> <span class='ocrx_word' id='word_1_171' title='bbox 455 2887 547 2953; x_wconf 78' lang='lat' dir='ltr'>idem</span> <span class='ocrx_word' id='word_1_172' title='bbox 577 2885 750 2973; x_wconf 83' lang='lat' dir='ltr'>baptisma</span> <span class='ocrx_word' id='word_1_173' title='bbox 776 2894 829 2950; x_wconf 84' lang='lat' dir='ltr'>cst</span> <span class='ocrx_word' id='word_1_174' title='bbox 858 2884 891 2949; x_wconf 90' lang='lat' dir='ltr'>in</span> <span class='ocrx_word' id='word_1_175' title='bbox 922 2883 1087 2971; x_wconf 87' lang='lat' dir='ltr'>utrisque,</span> <span class='ocrx_word' id='word_1_176' title='bbox 1112 2886 1274 2972; x_wconf 87' lang='lat' dir='ltr'>quamvis</span> <span class='ocrx_word' id='word_1_177' title='bbox 1302 2889 1390 2955; x_wconf 89' lang='lat' dir='ltr'>sicut</span> 
     </span>
     <span class='ocr_line' id='line_1_23' title="bbox 344 2997 1134 3090; baseline -0.004 -22"><span class='ocrx_word' id='word_1_178' title='bbox 344 3022 422 3090; x_wconf 83' lang='lat' dir='ltr'>spes</span> <span class='ocrx_word' id='word_1_179' title='bbox 440 3024 520 3078; x_wconf 89' lang='lat' dir='ltr'>uun,</span> <span class='ocrx_word' id='word_1_180' title='bbox 539 3002 589 3067; x_wconf 82' lang='lat' dir='ltr'>ita</span> <span class='ocrx_word' id='word_1_181' title='bbox 608 3021 715 3065; x_wconf 89' lang='lat' dir='ltr'>uuum</span> <span class='ocrx_word' id='word_1_182' title='bbox 734 2997 908 3087; x_wconf 84' lang='lat' dir='ltr'>baptisma</span> <span class='ocrx_word' id='word_1_183' title='bbox 926 2997 1059 3064; x_wconf 87' lang='lat' dir='ltr'>dictum</span> <span class='ocrx_word' id='word_1_184' title='bbox 1079 2998 1134 3065; x_wconf 88' lang='lat' dir='ltr'>sit.</span> 
     </span>
    </p>

    <p class='ocr_par' dir='ltr' id='par_1_6' title="bbox 293 3108 1391 3657">
     <span class='ocr_line' id='line_1_24' title="bbox 293 3108 1388 3203; baseline 0.003 -24"><span class='ocrx_word' id='word_1_185' title='bbox 293 3161 294 3170; x_wconf 22' lang='grc' dir='ltr'>η</span> <span class='ocrx_word' id='word_1_186' title='bbox 399 3113 498 3180; x_wconf 85' lang='lat' dir='ltr'>Felix</span> <span class='ocrx_word' id='word_1_187' title='bbox 517 3136 537 3180; x_wconf 87' lang='lat' dir='ltr'>a</span> <span class='ocrx_word' id='word_1_188' title='bbox 555 3112 764 3202; x_wconf 84' lang='lat' dir='ltr'>Gurgitibus</span> <span class='ocrx_word' id='word_1_189' title='bbox 782 3110 894 3178; x_wconf 82' lang='lat' dir='ltr'>dixit:</span> <span class='ocrx_word' id='word_1_190' title='bbox 920 3108 997 3203; x_wconf 70' lang='lat' dir='ltr'>Eyo</span> <span class='ocrx_word' id='word_1_191' title='bbox 1015 3133 1141 3195; x_wconf 69' lang='lat' dir='ltr'>conen,</span> <span class='ocrx_word' id='word_1_192' title='bbox 1153 3119 1191 3179; x_wconf 81' lang='lat' dir='ltr'>nt</span> <span class='ocrx_word' id='word_1_193' title='bbox 1208 3113 1388 3182; x_wconf 78' lang='lat' dir='ltr'>secundnm</span> 
     </span>
     <span class='ocr_line' id='line_1_25' title="bbox 345 3221 1390 3315; baseline 0.002 -23"><span class='ocrx_word' id='word_1_194' title='bbox 345 3235 539 3294; x_wconf 71' lang='lat' dir='ltr'>carnotorum</span> <span class='ocrx_word' id='word_1_195' title='bbox 558 3225 808 3315; x_wconf 75' lang='lat' dir='ltr'>scripturarum</span> <span class='ocrx_word' id='word_1_196' title='bbox 822 3231 996 3314; x_wconf 60' lang='lat' dir='ltr'>pendente</span> <span class='ocrx_word' id='word_1_197' title='bbox 1015 3221 1197 3315; x_wconf 80' lang='lat' dir='ltr'>&#39;baptizati</span> <span class='ocrx_word' id='word_1_198' title='bbox 1214 3223 1335 3295; x_wconf 77' lang='lat' dir='ltr'>illicite</span> <span class='ocrx_word' id='word_1_199' title='bbox 1352 3225 1390 3294; x_wconf 84' lang='lat' dir='ltr'>ob</span> 
     </span>
     <span class='ocr_line' id='line_1_26' title="bbox 344 3334 1391 3436; baseline 0.004 -31"><span class='ocrx_word' id='word_1_200' title='bbox 344 3335 514 3407; x_wconf 62' lang='lat' dir='ltr'>tarenos</span> <span class='ocrx_word' id='word_1_201' title='bbox 537 3347 636 3406; x_wconf 72' lang='lat' dir='ltr'>ooli-u</span> <span class='ocrx_word' id='word_1_202' title='bbox 654 3335 856 3418; x_wconf 77' lang='lat' dir='ltr'>Ecclesium,</span> <span class='ocrx_word' id='word_1_203' title='bbox 877 3337 909 3404; x_wconf 78' lang='lat' dir='ltr'>si</span> <span class='ocrx_word' id='word_1_204' title='bbox 931 3335 979 3404; x_wconf 87' lang='lat' dir='ltr'>nd</span> <span class='ocrx_word' id='word_1_205' title='bbox 995 3334 1184 3405; x_wconf 76' lang='lat' dir='ltr'>Ecclesiam</span> <span class='ocrx_word' id='word_1_206' title='bbox 1212 3339 1391 3436; x_wconf 59' lang='lat' dir='ltr'>confecere</span> 
     </span>
     <span class='ocr_line' id='line_1_27' title="bbox 344 3447 1390 3546; baseline 0.003 -26"><span class='ocrx_word' id='word_1_207' title='bbox 344 3450 520 3532; x_wconf 74' lang='lat' dir='ltr'>obiecerint,</span> <span class='ocrx_word' id='word_1_208' title='bbox 548 3452 699 3546; x_wconf 72' lang='lat' dir='ltr'>yrotinm</span> <span class='ocrx_word' id='word_1_209' title='bbox 730 3449 898 3542; x_wconf 69' lang='lat' dir='ltr'>baptimi,</span> <span class='ocrx_word' id='word_1_210' title='bbox 926 3447 985 3517; x_wconf 79' lang='lat' dir='ltr'>obi</span> <span class='ocrx_word' id='word_1_211' title='bbox 1014 3448 1105 3519; x_wconf 76' lang='lat' dir='ltr'>licite</span> <span class='ocrx_word' id='word_1_212' title='bbox 1135 3450 1252 3537; x_wconf 78' lang='lat' dir='ltr'>datur,</span> <span class='ocrx_word' id='word_1_213' title='bbox 1279 3478 1390 3523; x_wconf 73' lang='lat' dir='ltr'>colose-</span> 
     </span>
     <span class='ocr_line' id='line_1_28' title="bbox 345 3575 505 3657; baseline 0.013 -24"><span class='ocrx_word' id='word_1_214' title='bbox 345 3575 505 3657; x_wconf 76' lang='lat' dir='ltr'>quantur.</span> 
     </span>
    </p>

    <p class='ocr_par' dir='ltr' id='par_1_7' title="bbox 343 3678 1388 3883">
     <span class='ocr_line' id='line_1_29' title="bbox 396 3678 1387 3772; baseline -0.001 -22"><span class='ocrx_word' id='word_1_215' title='bbox 396 3680 660 3772; x_wconf 82' lang='lat' dir='ltr'>Respondetur:</span> <span class='ocrx_word' id='word_1_216' title='bbox 700 3679 814 3745; x_wconf 87' lang='lat' dir='ltr'>Immo</span> <span class='ocrx_word' id='word_1_217' title='bbox 850 3678 946 3747; x_wconf 86' lang='lat' dir='ltr'>licite</span> <span class='ocrx_word' id='word_1_218' title='bbox 981 3680 1151 3769; x_wconf 82' lang='lat' dir='ltr'>incipiant</span> <span class='ocrx_word' id='word_1_219' title='bbox 1188 3678 1317 3749; x_wconf 86' lang='lat' dir='ltr'>habere</span> <span class='ocrx_word' id='word_1_220' title='bbox 1346 3682 1387 3749; x_wconf 85' lang='lat' dir='ltr'>nd</span> 
     </span>
     <span class='ocr_line' id='line_1_30' title="bbox 343 3791 1388 3883; baseline 0.001 -22"><span class='ocrx_word' id='word_1_221' title='bbox 343 3793 620 3883; x_wconf 37' lang='lat' dir='ltr'>salutem‚‚quod</span> <span class='ocrx_word' id='word_1_222' title='bbox 648 3792 770 3860; x_wconf 83' lang='lat' dir='ltr'>illicite</span> <span class='ocrx_word' id='word_1_223' title='bbox 797 3791 973 3859; x_wconf 81' lang='lat' dir='ltr'>habebant</span> <span class='ocrx_word' id='word_1_224' title='bbox 1000 3793 1043 3859; x_wconf 84' lang='lat' dir='ltr'>ad</span> <span class='ocrx_word' id='word_1_225' title='bbox 1071 3792 1283 3881; x_wconf 83' lang='lat' dir='ltr'>perniciem:</span> <span class='ocrx_word' id='word_1_226' title='bbox 1310 3795 1388 3883; x_wconf 88' lang='lat' dir='ltr'>quia</span> 
     </span>
    </p>
   </div>
   <div class='ocr_carea' id='block_1_3' title="bbox 529 3974 1201 4048">
    <p class='ocr_par' dir='ltr' id='par_1_8' title="bbox 529 3974 1201 4048">
     <span class='ocr_line' id='line_1_31' title="bbox 529 3974 1201 4048; baseline 0.001 -19"><span class='ocrx_word' id='word_1_227' title='bbox 529 3986 540 4015; x_wconf 73' lang='lat' dir='ltr'><strong>f</strong></span> <span class='ocrx_word' id='word_1_228' title='bbox 555 3976 588 4029; x_wconf 91' lang='lat' dir='ltr'>ln</span> <span class='ocrx_word' id='word_1_229' title='bbox 604 3975 737 4048; x_wconf 74' lang='lat' dir='ltr'>Cypriani</span> <span class='ocrx_word' id='word_1_230' title='bbox 751 3974 883 4036; x_wconf 82' lang='lat' dir='ltr'>editione,</span> <span class='ocrx_word' id='word_1_231' title='bbox 898 3975 932 4028; x_wconf 83' lang='lat' dir='ltr'>ab</span> <span class='ocrx_word' id='word_1_232' title='bbox 946 3974 1080 4029; x_wconf 79' lang='lat' dir='ltr'>daereticis</span> <span class='ocrx_word' id='word_1_233' title='bbox 1094 3985 1201 4030; x_wconf 86' lang='lat' dir='ltr'>motum.</span> 
     </span>
    </p>
   </div>
   <div class='ocr_carea' id='block_1_4' title="bbox 344 4116 1384 4381">
    <p class='ocr_par' dir='ltr' id='par_1_9' title="bbox 344 4116 1384 4381">
     <span class='ocr_line' id='line_1_32' title="bbox 387 4116 1384 4192; baseline -0.001 -19"><span class='ocrx_word' id='word_1_234' title='bbox 387 4125 394 4151; x_wconf 95' lang='lat'>¹</span> <span class='ocrx_word' id='word_1_235' title='bbox 414 4117 596 4188; x_wconf 80' lang='lat' dir='ltr'>[Particulam</span> <span class='ocrx_word' id='word_1_236' title='bbox 619 4126 644 4170; x_wconf 83' lang='lat' dir='ltr'>et</span> <span class='ocrx_word' id='word_1_237' title='bbox 666 4125 730 4170; x_wconf 84' lang='lat' dir='ltr'>ante</span> <span class='ocrx_word' id='word_1_238' title='bbox 753 4116 883 4187; x_wconf 81' lang='lat' dir='ltr'>baptisma</span> <span class='ocrx_word' id='word_1_239' title='bbox 905 4135 940 4171; x_wconf 87' lang='lat' dir='ltr'>ex</span> <span class='ocrx_word' id='word_1_240' title='bbox 955 4117 1099 4190; x_wconf 80' lang='lat' dir='ltr'>Cyprinno</span> <span class='ocrx_word' id='word_1_241' title='bbox 1124 4127 1152 4173; x_wconf 89' lang='lat' dir='ltr'>et</span> <span class='ocrx_word' id='word_1_242' title='bbox 1177 4119 1274 4174; x_wconf 88' lang='lat' dir='ltr'>codice</span> <span class='ocrx_word' id='word_1_243' title='bbox 1299 4121 1384 4192; x_wconf 85' lang='lat' dir='ltr'>priore</span> 
     </span>
     <span class='ocr_line' id='line_1_33' title="bbox 344 4212 696 4284; baseline -0.017 -13"><span class='ocrx_word' id='word_1_244' title='bbox 344 4234 408 4271; x_wconf 87' lang='lat' dir='ltr'>meo</span> <span class='ocrx_word' id='word_1_245' title='bbox 423 4222 563 4284; x_wconf 81' lang='lat' dir='ltr'>sumptam</span> <span class='ocrx_word' id='word_1_246' title='bbox 579 4212 696 4282; x_wconf 76' lang='lat' dir='ltr'>addidi]</span> 
     </span>
     <span class='ocr_line' id='line_1_34' title="bbox 385 4306 1344 4381; baseline -0.002 -17"><span class='ocrx_word' id='word_1_247' title='bbox 385 4317 392 4338; x_wconf 88' lang='lat'>²</span> <span class='ocrx_word' id='word_1_248' title='bbox 411 4308 510 4381; x_wconf 82' lang='lat' dir='ltr'>[Apud</span> <span class='ocrx_word' id='word_1_249' title='bbox 526 4308 699 4380; x_wconf 79' lang='lat' dir='ltr'>cyprianum</span> <span class='ocrx_word' id='word_1_250' title='bbox 715 4306 1344 4381; x_wconf 62' lang='lat' dir='ltr'>baptizatus--vcluerit-consequatun]</span> 
     </span>
    </p>
   </div>
   <div class='ocr_carea' id='block_1_5' title="bbox 0 0 1957 5167">
    <p class='ocr_par' dir='ltr' id='par_1_10' title="bbox 0 0 1957 5167">
     <span class='ocr_line' id='line_1_35' title="bbox 0 0 1957 5167; baseline 0 0"><span class='ocrx_word' id='word_1_251' title='bbox 0 0 1957 5167; x_wconf 95' lang='lat' dir='ltr'> </span> 
     </span>
    </p>
   </div>
  </div>
 </body>
</html>
