3900 5167
821 445 1129 510 DISPUTATIO.
1428 447 1487 513 171

449 620 574 690 stoan?
615 619 720 702 Quod
739 621 847 689 etiarn
870 621 897 688 si
924 618 985 690 ille
1002 642 1106 689 ausus
1122 629 1177 689 est
1195 620 1320 702 dicere,
1339 609 1400 689 ilio
1418 621 1493 711 ipso

449 734 640 824 potentior,
658 744 720 803 aut
745 734 857 825 major
881 756 957 803 esse
983 755 1088 803 nemo
1114 741 1243 824 potest,
1260 735 1320 824 qui
1343 734 1497 804 ostendit

450 847 553 916 nobis
587 857 748 928 matrem,
781 858 844 917 aut
878 848 1005 917 fratres
1037 869 1139 929 suos;
1174 847 1251 916 ¹sed
1282 856 1320 915 et
1351 846 1497 916 Davidis

450 955 551 1030 “esse
568 984 638 1030 non
657 962 824 1054 dignatur
839 962 971 1032 audire.
1022 959 1218 1052 Apostolus
1236 961 1364 1030 Petrus
1382 959 1496 1030 Disci-

451 1074 617 1166 puiorum
657 1078 815 1146 omnium
856 1077 1155 1146 eminentissimus
1188 1085 1275 1144 tunc
1308 1097 1497 1168 agnoscere

450 1212 534 1259 eum
564 1192 700 1282 potuit:
737 1213 819 1260 curu
849 1191 978 1283 singuli
1009 1191 1190 1282 opiniones
1220 1212 1309 1271 suas,
1337 1211 1423 1279 quas
1452 1189 1497 1258 de

450 1308 527 1397 ipso
554 1305 742 1388 habebant,
760 1315 972 1398 promerent,
990 1307 1051 1387 ait,
1069 1302 1145 1374 'Tu
1167 1327 1201 1373 es
1220 1301 1382 1377 Christus
1394 1302 1497 1396 filius

450 1416 524 1488 Dei
540 1420 628 1504 oioi,
647 1431 685 1490 et
709 1421 831 1491 statim
860 1421 1039 1490 beatificat
1064 1443 1147 1489 eum
1176 1420 1306 1501 dicens,
1325 1418 1498 1507 Quoniam

449 1533 612 1607 revelavit
637 1534 700 1607 tibi
720 1534 830 1605 Pater
852 1557 945 1604 meio
969 1532 1121 1605 cotesto.
1174 1534 1270 1605 Vide
1295 1543 1427 1624 quanta
1451 1536 1497 1605 sit

452 1648 650 1718 differentia
667 1670 801 1729 eorum,
818 1669 899 1737 quae
915 1648 961 1717 ab
973 1648 998 1716 J
999 1670 1061 1717 esu
1079 1649 1174 1718 dicta
1191 1647 1297 1718 sunt?
1325 1648 1383 1718 Illi
1401 1650 1496 1719 enirn

450 1765 512 1855 qui
531 1763 679 1845 dixerat,
696 1762 787 1833 Ecce
802 1772 911 1833 maur
928 1760 1094 1857 tonsoris
1109 1771 1186 1843 etot,
1203 1764 1393 1854 respondit,
1412 1763 1498 1853 Quce

451 1877 542 1949 miti
558 1889 607 1950 eat
624 1887 741 1962 nram,
758 1875 994 1972 outsrotres?
1030 1877 1074 1947 Ei
1100 1888 1218 1948 autem
1241 1879 1300 1969 qui
1319 1879 1420 1961 dixit,
1442 1877 1497 1950 Tu

452 2017 487 2065 ec
518 1992 681 2067 Christos
698 1992 803 2087 filius
831 1991 903 2063 Dei
931 1992 1012 2076 civi,
1035 1993 1304 2075 beatitudinem,
1333 1994 1497 2064 benedic-

452 2108 658 2199 tionemque
680 2109 846 2178 restituit.
897 2107 936 2178 Si
954 2130 1038 2201 ergo
1056 2109 1100 2176 de
1119 2105 1236 2177 Maria
1252 2107 1304 2176 vis
1322 2130 1397 2176 esse
1414 2130 1497 2178 eum

453 2232 589 2305 natum,
613 2224 785 2293 mentitur
810 2224 884 2315 ipse
912 2245 993 2291 cum
1020 2222 1148 2304 Petr03
1175 2223 1204 2291 si
1229 2232 1349 2292 autem
1374 2246 1496 2293 verum

453 2338 540 2407 dicit
557 2337 694 2419 Petrus,
712 2337 787 2407 sine
812 2336 920 2406 dubio
946 2337 1006 2405 ille
1032 2339 1126 2427 prior
1148 2336 1285 2406 fefellit.
1337 2337 1442 2418 Quod
1468 2340 1497 2409 si

452 2454 547 2544 prior
558 2452 808 2533 fefellit,oausa
817 2453 861 2522 ad
872 2452 1078 2543 scriptorem
1091 2452 1279 2543 rejiciendo
1289 2461 1353 2522 est.
1373 2452 1496 2522 Unum

452 2568 562 2660 igitur
571 2567 752 2637 Christum
766 2588 830 2636 nos
846 2568 976 2636 scimus
989 2588 1063 2636 esse
1076 2566 1270 2636 secundum
1282 2564 1497 2658 Apostolum

453 2683 618 2764 Paulum,
635 2683 734 2773 cujus
751 2683 896 2753 vocibus
918 2681 1094 2751 credimus
1116 2682 1388 2752 consonantibus
1408 2683 1498 2753 dun-

452 2810 553 2870 taxat
569 2799 735 2869 adventui
752 2799 838 2890 ejus.

455 2959 457 2963 -
501 2914 687 2987 XLVIII.
713 2914 782 2985 His
807 2913 938 2984 auditis
960 2915 1072 2984 turboe
1088 2922 1256 3005 permotae
1274 2924 1366 2994 sunt,
1384 2915 1495 2985 veluti

454 3033 629 3102 rationem
664 3031 822 3101 veritatis
855 3030 1127 3110 continentibus,
1162 3038 1199 3099 et
1233 3027 1411 3099 Archelao
1445 3030 1496 3100 nil

452 3148 618 3233 habente,
636 3148 730 3239 quod
754 3146 809 3215 his
833 3154 952 3237 posset
977 3166 1175 3236 opponere;
1199 3143 1267 3212 hoc
1288 3145 1383 3213 enim
1407 3144 1497 3215 indi-

451 3263 547 3331 cavit
572 3260 759 3341 tumultus,
784 3260 845 3350 qui
875 3260 1057 3329 intereos
1087 3267 1232 3329 exortus
1262 3260 1396 3342 fuerat;
1433 3263 1494 3331 sed

451 3399 533 3445 cum
561 3375 754 3445 multitudo
781 3376 1049 3465 conquievisset,
1070 3374 1267 3443 Archelaus
1293 3374 1362 3444 hoc
1388 3378 1496 3446 modo

451 3490 643 3582 respondit.
680 3489 792 3561 Vocis
809 3490 952 3580 quidem
970 3489 1116 3559 Domini
1135 3491 1244 3560 nostri
1256 3488 1281 3558 J
1283 3512 1344 3559 esu
1362 3490 1495 3562 Christi

451 3606 568 3678 nulius
598 3609 729 3700 poterit
758 3631 833 3678 esse
864 3609 1051 3699 potentior,
1078 3608 1106 3678 si
1136 3631 1250 3699 neque
1277 3631 1406 3679 nomen
1432 3610 1495 3680 ali-

452 3725 545 3813 quod
569 3722 702 3815 aequaie
727 3725 760 3793 ei
786 3746 862 3794 esse
887 3724 1077 3805 invenitur,
1094 3722 1266 3816 ³Propter
1287 3723 1379 3816 quod
1397 3722 1495 3797 Deus

452 3861 523 3908 eum
552 3836 723 3921 exhihuit,
747 3847 779 3909 et
804 3837 943 3909 donavit
968 3836 1023 3908 itti
1048 3861 1178 3920 nomen,
1205 3836 1297 3931 qood
1319 3848 1495 3933 estsuper

452 3975 547 4023 omne
576 3976 697 4025 nomen
710 3979 722 4033 ,·
748 3977 863 4045 neque
888 3954 925 4022 in
955 3954 1159 4024 testimonio
1184 3956 1262 4044 quis
1287 3954 1430 4045 aequalis
1460 3959 1492 4030 ei

712 4187 727 4230 d
743 4189 904 4246 Catinensis
921 4192 1010 4246 codex
1028 4191 1123 4246 David
1134 4191 1218 4247 Jesse.

510 4361 519 4384 ¹
535 4352 605 4407 Mat.
616 4352 683 4409 xxii.
692 4370 740 4422 42.
864 4360 872 4382 ¹
887 4352 959 4407 Met.
975 4352 1032 4407 xvi.
1051 4352 1095 4407 16.
1218 4357 1226 4385 ³
1243 4350 1341 4423 Philip.
1358 4350 1383 4406 ii.
1400 4370 1427 4424 9.

946 4465 999 4509 22
