3900 5167
452 433 515 497 170
666 430 922 494 ARCHELAI
952 430 1017 493 ET
1050 428 1271 492 MANETIS

450 622 549 683 sum3
575 623 642 694 ego
667 602 762 671 enim
788 624 867 671 sum
893 598 1028 670 inutilis
1052 621 1184 681 servus,
1207 598 1398 669 verborum
1420 598 1488 687 ejus

449 714 653 807 discipulus,
677 714 823 784 credens
852 713 915 795 his,
941 737 1024 805 quae
1050 713 1197 806 abipso
1223 714 1322 783 dicta
1348 720 1441 794 sunt,
1456 720 1491 779 et

450 829 529 899 haec
550 828 810 899 indeclinabilia
826 851 903 899 esse
919 829 1098 898 confirmo.
1151 827 1290 898 Manus
1307 847 1425 908 mxu,
1441 826 1493 896 Si·

450 944 544 1015 milis
560 946 612 1014 tui
631 945 772 1035 qnidam
796 967 878 1014 cum
904 946 937 1013 ei
963 944 1152 1035 aliquando
1169 944 1331 1026 dixisset,
1350 938 1494 1011 'Maria

450 1069 559 1130 muter
576 1068 646 1143 tau,
664 1069 696 1130 el
706 1057 845 1154 fratres
864 1059 916 1129 lui
929 1057 1031 1154 son's
1046 1067 1148 1140 stunt,
1166 1081 1237 1128 non
1263 1058 1419 1128 libenter
1441 1079 1496 1125 ac-

450 1177 593 1267 cipiens,
611 1182 694 1244 eum
720 1177 780 1266 qui
807 1176 958 1258 dixerat,
976 1176 1171 1267 increpavit
1197 1173 1327 1253 diceus,
1347 1171 1436 1261 Quae
1451 1179 1497 1241 est

450 1299 560 1361 mater
576 1313 659 1371 mec,
678 1299 738 1360 aul
755 1290 816 1383 qui
832 1287 1055 1384 maisaulres
1073 1289 1141 1360 mei
1149 1289 1172 1358 ἲ
1197 1298 1236 1359 et
1253 1290 1411 1359 ostendit
1427 1310 1496 1369 eos,

451 1408 509 1497 qui
529 1406 685 1476 facerent
704 1405 924 1474 voluntatem
941 1428 1053 1486 suam,
1071 1414 1109 1474 et
1126 1414 1258 1474 matres
1274 1404 1342 1473 sibi
1360 1425 1448 1485 esse,
1462 1412 1498 1473 et

450 1520 595 1589 fratres:
621 1521 813 1590 sinautem
834 1520 883 1588 vis
902 1520 1019 1588 dicere
1039 1529 1189 1589 matrem
1207 1519 1314 1611 ipsius
1333 1517 1497 1598 Mariam,

450 1661 521 1707 uon
551 1640 698 1709 esttibi
726 1640 801 1709 sine
828 1636 1006 1729 periculo;
1033 1639 1108 1707 sine
1134 1637 1242 1707 dubio
1269 1637 1365 1706 enim
1391 1638 1497 1705 etiam

452 1753 575 1823 fratres
603 1777 649 1822 ex
675 1776 719 1824 ea
743 1753 908 1822 habuisse
937 1761 1163 1822 monstratur.
1218 1752 1264 1822 Et
1291 1752 1350 1821 dic
1378 1760 1498 1820 utrum

451 1869 496 1937 de
528 1866 663 1959 Joseph
703 1868 861 1960 generati
899 1875 992 1946 sunt,
1027 1876 1089 1935 aut
1123 1890 1169 1936 ex
1203 1868 1329 1936 eodem
1364 1864 1498 1958 Spiritu

452 1982 610 2053 Sancto?
660 1982 754 2073 Ergo
788 1990 826 2051 et
860 1982 992 2051 multos
1027 1980 1195 2063 Christos,
1229 1984 1258 2052 si
1292 2004 1341 2051 ex
1374 1982 1499 2052 eodem

452 2096 588 2188 Spiritu
607 2097 739 2167 Sancto
759 2104 946 2189 generatos
963 2098 1125 2180 *dixeris
1143 2097 1342 2168 babuimus.
1395 2096 1500 2179 Quod

452 2215 482 2283 si
512 2237 583 2283 non
613 2236 658 2282 ex
689 2214 815 2282 eodem
845 2211 991 2304 Spiritu,
1019 2213 1080 2282 sed
1109 2222 1230 2282 tamen
1256 2212 1390 2281 dixeris
1418 2233 1498 2302 eum

452 2329 577 2399 fratres
601 2328 784 2408 habuisse;
810 2327 885 2396 siue
909 2327 1017 2396 dubio
1040 2326 1312 2418 intelligendum
1335 2335 1402 2408 est,
1420 2328 1501 2417 quia

453 2452 532 2533 post
559 2442 741 2534 Spiritum,
768 2450 847 2534 post
874 2442 1030 2522 Gabriel,
1056 2442 1215 2534 nupserit
1236 2440 1372 2532 Joseph
1389 2441 1500 2535 Virgo

453 2557 655 2638 castissima,
673 2565 711 2625 et
732 2557 958 2626 immaculata
975 2552 1156 2627 becclesia.
1208 2556 1315 2639 Quod
1340 2556 1371 2626 si
1393 2556 1500 2626 etiam

453 2668 520 2738 hoc
537 2670 728 2739 absurdum
746 2679 800 2739 est
823 2670 978 2750 omnino,
997 2691 1076 2739 eam
1102 2668 1262 2760 quolibet
1287 2668 1395 2737 modo
1420 2690 1502 2738 con·

454 2784 616 2853 cubuisse
630 2807 711 2852 oum
725 2785 749 2853 J
752 2785 879 2875 oseph;
908 2785 1025 2854 dican
1042 2784 1165 2854 fratres
1182 2783 1370 2853 habuerit?
1398 2780 1501 2851 Nun·

453 2900 620 2989 quidnam
640 2901 747 2967 etiam
766 2900 924 2968 moeclriae
949 2901 981 2968 ei
1008 2900 1141 2969 crimen
1167 2899 1341 2991 impingis,
1361 2907 1403 2965 co
1419 2920 1501 2988 pru·

455 3014 659 3082 dentissime
679 3013 875 3082 Marcelle?
914 3014 1066 3095 Quodsi
1086 3013 1211 3082 horum
1229 3013 1315 3081 nihil
1336 3014 1501 3082 convenit

456 3128 741 3196 incontaminatae
772 3126 934 3218 Virgini3
971 3129 1066 3195 unde
1095 3129 1128 3195 ei
1160 3128 1265 3196 fuisse
1295 3127 1423 3196 fratres
1451 3148 1502 3195 as-

456 3241 574 3310 trues?
615 3242 719 3322 Quod
745 3241 774 3308 si
801 3242 924 3309 fratres
948 3243 981 3309 ei
1003 3242 1109 3310 fuisse
1126 3263 1197 3309 non
1214 3251 1315 3331 potes
1332 3240 1500 3319 edocere;

455 3356 632 3443 quomodo
654 3353 771 3424 Maria
796 3366 910 3423 mater
936 3356 1011 3443 ejus
1037 3356 1116 3437 erit,
1143 3356 1235 3423 sicut
1260 3355 1311 3423 ait
1336 3353 1408 3436 ille,
1427 3354 1500 3444 ’qui

455 3469 606 3538 scribere
624 3492 728 3537 ausus
746 3481 810 3547 est,
828 3468 918 3538 Ecce
935 3479 1044 3538 mater
1062 3478 1130 3550 lua,
1149 3468 1326 3561 elsratres
1344 3470 1397 3538 tui
1404 3468 1501 3563 foris

498 3633 560 3688 ³In
576 3633 732 3697 casinensi,
748 3635 866 3689 dicerint
881 3634 1028 3689 habuimus,
1063 3633 1144 3694 Quid.
1188 3632 1246 3688 Sed
1264 3633 1347 3688 obvia
1361 3642 1406 3691 est
1420 3634 1501 3708 hujus

456 3729 511 3784 loci
526 3730 695 3785 emendatio,

497 3822 602 3889 bVox,
617 3827 753 3889 Ecclesia,
768 3827 879 3882 videtur
893 3845 1111 3899 supervacanea,
1127 3835 1156 3883 et
1178 3845 1227 3899 per
1248 3827 1355 3882 librarii
1377 3846 1500 3883 errorem

457 3923 575 3995 adjecta.
600 3924 684 3978 Certe
696 3923 756 3978 sine
767 3923 828 3995 ipsa
838 3923 950 3996 integer
965 3932 1009 3977 est
1023 3923 1108 3995 hujus
1122 3923 1177 3977 loci
1192 3941 1300 3978 sensus.
1325 3926 1384 3994 (An
1397 3924 1501 3998 cogitat

458 4020 492 4074 de
507 4020 586 4075 initio
601 4021 700 4092 capitis
715 4020 871 4075 duodecimi
888 4020 1075 4093 Apocalypsis
1086 4019 1109 4089 ?)

497 4127 510 4157 θ
525 4117 567 4171 Ex
582 4116 626 4171 his
640 4116 732 4171 verbis
752 4116 846 4189 colligi
865 4135 948 4189 posse
963 4116 1082 4177 videtur,
1099 4116 1267 4171 Marcellum
1282 4136 1348 4172 cum
1363 4117 1499 4174 Archelao

458 4212 492 4266 ad
508 4212 627 4266 Diodori
643 4212 788 4267 castellum
805 4213 922 4267 venisse.

580 4340 586 4360 ¹
603 4335 672 4387 Mat.
690 4333 736 4387 xii.
751 4349 800 4402 47.
992 4339 998 4360 ²
1019 4333 1140 4413 [Conier
1154 4334 1379 4407 capitisfinem]
