3900 5167
450 437 493 498 22
820 434 1125 499 ARCHELAUS.

451 614 471 644 ⁶⁶
485 606 561 669 lium
575 604 735 670 auditorio
749 604 939 690 loquebatur
950 604 1134 680 Archelaus,
1144 612 1181 670 ut
1195 626 1237 667 en
1248 606 1279 687 ξ.
1288 603 1309 667 i.
1324 601 1491 690 iragnmnh'

451 717 471 745 ⁶⁶
485 707 647 794 Oyrilliani
670 707 837 793 colligitur.
883 707 933 771 Illi
959 707 1058 792 igitur
1081 706 1251 791 attingetur
1276 706 1493 771 ronna&

450 818 470 848 ⁶⁶
484 810 600 886 oratio,
621 832 685 896 qua
706 818 802 895 neget
823 831 857 873 se
878 830 986 873 coram
1008 807 1143 873 ethnicis
1163 808 1260 893 loqui,
1285 830 1366 893 quos
1385 815 1493 873 tamn

451 921 470 949 ⁶⁶
485 911 726 997 disceptationis
735 911 859 995 jndices
872 910 1011 984 habeat;
1034 910 1233 995 affirmetque
1246 932 1281 974 se
1291 932 1331 974 ea
1345 911 1494 995 mysteria

450 1019 471 1049 ⁶⁶
486 1012 654 1097 explicare,
675 1012 715 1075 de
736 1011 851 1095 quibus
872 1009 1007 1094 anestio
1030 1008 1117 1073 nulla
1133 1017 1214 1073 erat.
1260 1008 1365 1089 Quum
1387 1008 1493 1093 itaque

452 1124 471 1151 ‘⁶
487 1115 592 1191 verba,
615 1116 761 1178 ταῦτατὸ
784 1112 941 1193 μυστήρια,
965 1110 1140 1176 certissime
1163 1110 1227 1175 siut
1252 1110 1370 1195 Oyrilli,
1396 1132 1495 1195 eaque

452 1225 472 1253 ⁶⁶
485 1237 557 1279 cum
568 1214 781 1300 superioribus
795 1213 973 1278 necessaria
983 1212 1177 1278 connexione
1187 1212 1427 1284 devinciantun
1444 1234 1492 1276 na

452 1327 471 1355 ⁶⁶
485 1318 622 1382 cessamo
646 1316 845 1399 parenthesis
870 1315 998 1380 initium
1024 1316 1057 1377 in
1082 1315 1143 1378 hoc
1171 1314 1241 1378 loco
1266 1313 1495 1379 collocavimus.

452 1426 474 1458 ‘⁶
490 1419 557 1484 Neo
569 1418 685 1483 morari
700 1440 758 1482 nos
769 1418 864 1482 debet
875 1417 1074 1502 parenthesis
1088 1416 1271 1502 longitudo:
1286 1438 1362 1481 nam
1377 1417 1494 1502 digres

453 1531 473 1558 ⁶⁶
487 1521 591 1586 siones
616 1528 650 1586 et
673 1521 879 1606 parentheses
902 1519 1060 1604 longiores
1088 1519 1204 1604 Oyrillo
1228 1515 1294 1584 non
1321 1518 1493 1583 inusitatae.

453 1633 472 1660 ⁶⁶
491 1624 559 1687 Vid.
575 1622 691 1687 Coraci.
703 1622 763 1686 xvi.
781 1628 805 1704 5.
823 1644 870 1702 14,
887 1623 976 1686 Hom.
989 1622 1024 1685 ia
1033 1621 1148 1685 Perat.
1165 1626 1191 1703 ᾖ.
1202 1621 1264 1685 viii.
1280 1643 1380 1705 usque
1395 1621 1438 1685 ad
1452 1619 1492 1683 xi.

453 1734 472 1763 ‘⁶
488 1727 650 1790 Praeterea
676 1725 725 1788 hae
749 1724 842 1788 nnius
868 1722 1040 1809 Scriptura
1069 1723 1129 1787 loci
1158 1723 1331 1788 secundnm
1355 1724 1495 1787 diversas

453 1838 472 1866 ‘⁶
488 1828 663 1893 sententias
685 1828 921 1913 explicationes,
937 1828 1007 1911 ejns
1028 1835 1104 1891 sunt
1118 1826 1246 1912 ingenii,
1266 1834 1302 1890 nt
1321 1827 1429 1890 videre
1447 1834 1495 1890 est

451 1940 472 1969 ‘⁶
492 1930 608 1995 caeca
621 1930 695 1994 xvii.
713 1932 797 2014 §§.9
813 1938 845 1994 et
865 1950 915 2006 10,
938 1930 1054 1994 Oetaei.
1067 1929 1131 1993 xiii.
1148 1931 1177 2011 ξ.
1194 1946 1243 2006 21,
1258 1936 1319 1993 cet.
1357 1928 1494 1992 Demnm
1535 1984 1540 1990 .

453 2043 474 2074 ‘⁶
489 2054 584 2118 qnam
605 2040 766 2117 postremo
780 2033 849 2096 loco
867 2032 968 2096 tradit
990 2032 1084 2118 hujns
1105 2030 1167 2096 loci
1188 2031 1493 2116 interpretationem,

454 2144 473 2174 ⁶⁶
488 2157 600 2219 nempe
622 2134 763 2198 infirmos
780 2135 886 2198 oculos
909 2134 1089 2209 veritatum,
1111 2155 1190 2218 quas
1207 2156 1321 2218 capere
1340 2156 1405 2197 non
1424 2157 1493 2219 pes·

454 2248 474 2276 ‘⁶
488 2245 574 2313 sunt,
589 2237 711 2322 fulgore
725 2236 869 2311 obtundi,
881 2236 1063 2300 continetur
1076 2235 1109 2298 in
1127 2257 1166 2299 ea
1180 2236 1301 2300 ratione
1317 2258 1413 2321 quam
1429 2237 1496 2299 red-

454 2350 474 2379 ‘⁶
489 2339 571 2404 didit
586 2338 760 2402 Procolscl.
777 2340 807 2420 t.
819 2338 873 2401 xii.
895 2359 952 2401 our
971 2337 1207 2402 catechumenis
1225 2338 1378 2422 mysteria
1397 2338 1496 2402 celen-

454 2453 474 2480 “
489 2452 562 2517 tur;
594 2441 668 2526 qnia
696 2440 840 2505 videlicet
865 2449 995 2504 noceret
1021 2440 1097 2524 ipsis
1122 2462 1227 2504 rerum
1253 2461 1332 2524 quas
1357 2441 1496 2503 nondum

454 2554 474 2582 ‘⁶
488 2566 601 2628 capere
615 2550 757 2628 possunt,
773 2542 941 2627 cogniti0.''
987 2542 1154 2606 Hactenus
1168 2542 1216 2606 vir
1230 2542 1282 2606 ille
1297 2542 1420 2605 doctus.

497 2646 707 2710 Restituimus
729 2646 833 2710 varias
856 2646 889 2708 in
911 2645 1021 2730 primis
1043 2644 1201 2721 lectiones,
1227 2668 1307 2729 quas
1329 2645 1371 2707 ad
1392 2645 1499 2729 capita

453 2749 475 2813 li
484 2748 561 2812 -lv.
615 2748 852 2833 Disputationis
877 2747 1028 2811 Archelai
1052 2769 1124 2811 oum
1149 2748 1292 2824 Manete,
1316 2769 1355 2811 ex
1381 2747 1497 2833 Regio-

455 2849 675 2914 Alexandrino
695 2849 802 2913 codice
817 2849 993 2933 descriptas
1008 2850 1049 2913 ad
1070 2872 1135 2913 sna>
1150 2850 1298 2914 editionis
1313 2849 1431 2912 calcem
1452 2872 1500 2913 rc-

449 2951 530 3037 jocit
554 2953 740 3037 Zacagnius,
767 2952 827 3016 hae
852 2951 1094 3036 praefatiuncula
1117 2939 1192 3015 usus
1217 2951 1361 3029 (Collect.
1382 2952 1500 3014 Monu-

454 3061 553 3117 ment.
564 3063 627 3117 vet.
641 3075 712 3137 pag.
725 3055 803 3136 709)
815 3077 821 3116 :
848 3062 867 3089 ⁶⁶
877 3054 981 3133 Quum
993 3060 1067 3137 post
1081 3052 1211 3128 editam,
1221 3052 1334 3136 inquit,
1347 3053 1499 3118 Archelai

457 3163 476 3192 ⁶⁶
491 3155 739 3240 disputationem
750 3155 834 3219 inter
843 3154 1199 3239 Regio-Alexandrinos
1213 3155 1373 3220 Vaticana
1388 3157 1501 3221 biblio·

457 3266 476 3294 ⁶⁶
491 3257 593 3321 thecae
611 3256 735 3321 codices
757 3258 942 3341 reperissem
961 3256 1180 3342 apographum
1199 3257 1363 3342 cujusdam
1381 3262 1500 3325 vetusti

457 3366 476 3397 ‘⁶
492 3359 617 3436 codicis,
634 3360 687 3444 qui
710 3360 784 3423 olim
806 3360 847 3423 od
870 3361 1098 3424 monasterium
1120 3360 1347 3437 sanctisunt,
1369 3360 1502 3427 Ambia-

457 3470 476 3499 ⁶⁶
491 3462 596 3525 nensis
610 3461 745 3526 sortasse
765 3458 902 3548 episcopi
925 3470 959 3527 et
982 3463 1141 3547 martyris,
1158 3462 1330 3548 pertinuit3
1354 3478 1388 3527 et
1410 3464 1442 3527 in
1463 3488 1502 3529 eo

457 3572 476 3601 ⁶⁶
491 3564 599 3628 codice
613 3585 677 3627 una
692 3586 763 3628 cum
778 3564 880 3627 sancti
896 3564 1068 3649 Augustini
1084 3564 1333 3627 commonitorio
1347 3565 1502 3631 adversus

457 3674 477 3703 ⁶⁶
494 3666 690 3729 Manichaeos
719 3666 803 3729 inter
831 3666 971 3749 ejusdem
1002 3666 1152 3750 epistolas
1181 3666 1278 3741 edito,
1309 3666 1503 3731 haberentur

458 3773 480 3806 ‘⁶
495 3774 646 3849 excerpta
675 3768 820 3849 quaedam
850 3788 890 3829 ex
921 3767 1015 3829 Actis
1045 3766 1270 3850 disputationis
1301 3765 1451 3828 Archelai
1482 3788 1502 3829 a

458 3877 477 3905 ‘⁶
492 3890 560 3952 cap.
576 3868 605 3931 li.
621 3890 720 3953 usque
740 3870 781 3932 ad
796 3890 865 3953 cap.
881 3868 920 3931 lv.
938 3890 1044 3953 operae
1065 3868 1202 3952 pretium
1218 3868 1323 3932 censui
1340 3868 1444 3931 varias
1462 3892 1502 3933 ex

457 3979 477 4007 ⁶⁶
494 3971 604 4033 eodem
631 3971 815 4056 apographo
843 3970 994 4035 lectiones
1020 3971 1124 4045 edere,
1152 3992 1248 4054 quum
1274 3971 1415 4056 ipsorum
1441 3992 1502 4057 ope

458 4082 480 4113 ⁶⁶
495 4073 641 4158 quaedam
662 4073 811 4137 Archelai
831 4074 901 4136 loca
920 4072 1163 4136 restituantur.''
1210 4073 1289 4135 Hac
1304 4072 1363 4136 ille.
1411 4072 1502 4157 Ejus-

457 4175 542 4238 modi
568 4182 676 4238 autem
702 4176 806 4240 varias
835 4176 995 4250 lectiones,
1023 4175 1107 4238 haud
1138 4196 1213 4236 eane
1243 4175 1502 4249 contemnendas,

457 4276 543 4340 aliud
561 4298 659 4360 agens
679 4277 834 4361 praeteriit
850 4276 1024 4352 Fabricius,
1041 4275 1088 4338 vir
1107 4284 1213 4338 cetera
1233 4275 1377 4359 diligens,
1392 4275 1425 4337 in
1445 4297 1502 4338 suo

458 4378 621 4463 spicilegio
646 4389 816 4442 maerorum
838 4380 973 4443 Petram
994 4378 1098 4441 saculi
1118 4400 1161 4439 ιιι.
1188 4397 1318 4460 operum
1343 4376 1500 4462 Hippoly-
