3900 5167
520 438 585 498 228
888 437 921 499 S.
938 436 1190 501 AUGUSTIN
1195 438 1210 501 1

519 610 580 679 sed
609 619 727 678 tamon
757 609 874 679 omnis
900 609 993 679 bono
1019 611 1113 702 pacis
1141 619 1178 681 ct
1205 612 1354 682 unitatis
1378 634 1457 684 esse
1482 612 1570 683 tole-

519 726 647 807 randa3
674 725 766 816 quod
798 734 835 793 et
865 724 917 793 illi
949 724 1139 808 faciebant,
1168 726 1228 817 qui
1259 728 1346 798 istos
1372 750 1446 798 non
1475 736 1571 798 recte

520 840 635 910 fecere
670 838 882 921 sentiebant,
915 850 954 909 et
988 839 1077 910 illud
1111 841 1283 912 tenebunt
1318 843 1414 933 quod
1448 852 1571 936 postes

520 954 646 1025 melius
668 953 845 1024 declarate
861 955 990 1025 veritas
1013 956 1145 1037 docuit,
1162 965 1201 1027 et
1224 958 1406 1049 antiquior
1426 980 1571 1027 consue-

520 1071 607 1141 tudo
624 1069 774 1140 concilio
798 1069 989 1161 posteriore
1012 1070 1153 1140 firmata
1175 1071 1353 1142 robustius
1378 1072 1569 1164 persuasit:

520 1188 669 1256 invicem
694 1209 732 1256 se
749 1195 879 1266 tamen,
897 1208 979 1254 curn
1006 1186 1102 1255 salva
1126 1186 1274 1257 caritate
1300 1188 1439 1258 diverse
1463 1188 1569 1258 senti-

519 1314 608 1384 rent,
627 1301 778 1372 sollicita
803 1302 937 1393 pietate
961 1299 1211 1383 toleraverunt,
1229 1301 1417 1373 studentes
1433 1325 1569 1373 servare

520 1420 693 1488 unitatem
714 1418 856 1510 spiritus
880 1418 915 1485 in
934 1415 1075 1486 vinculo
1100 1418 1206 1508 pacis,
1224 1418 1338 1487 donec
1362 1417 1486 1488 ulteris
1511 1441 1567 1488 eo·

520 1556 607 1615 rum,
635 1535 663 1604 si
694 1534 777 1624 quid
806 1531 910 1603 aliter
937 1540 1112 1623 saperent,
1137 1532 1172 1601 id
1204 1555 1346 1624 quoque
1376 1533 1447 1603 illis
1473 1530 1568 1604 Deus

520 1649 701 1720 revelaret.
754 1648 835 1718 Hoc
852 1649 910 1717 isti
931 1647 1129 1729 audiente
1154 1647 1281 1738 quibus
1306 1670 1370 1739 per
1393 1647 1463 1719 hoc
1489 1671 1568 1719 con·

520 1764 641 1836 cilium
659 1765 776 1834 uuitss
793 1770 1027 1857 oppugnatur,
1046 1784 1109 1853 per
1132 1763 1227 1854 quod
1251 1764 1443 1834 concilium
1461 1786 1568 1855 quan·

521 1890 598 1952 tum
616 1879 767 1949 emunda
784 1880 829 1948 sit
846 1877 963 1946 unitas
981 1876 1189 1947 declaratur.

572 1995 762 2066 Successus
787 1994 831 2064 ab
849 1993 967 2063 Abbir
984 1991 1255 2063 Germaniciana
1272 1994 1386 2065 dixit:
1413 1993 1568 2067 Htereti·

521 2112 571 2181 eis
595 2119 655 2181 aut
676 2106 769 2179 nibil
783 2107 870 2190 licet,
887 2116 948 2177 out
964 2116 1070 2177 totam
1086 2104 1174 2178 licet.
1226 2107 1272 2180 Si
1289 2120 1447 2207 possunt·
1461 2109 1568 2206 bapti·

520 2250 614 2308 zare,
646 2234 789 2320 possunt
814 2234 846 2294 et
872 2222 1048 2316 Spirdtum
1074 2232 1227 2294 sanctum
1258 2225 1364 2296 dore:
1390 2226 1424 2296 si
1457 2236 1566 2298 autern

521 2341 695 2437 Spiritum
715 2348 868 2410 sanctum
889 2336 975 2408 dore
999 2360 1068 2408 non
1091 2348 1243 2431 possunt,
1261 2340 1345 2433 quic
1361 2364 1432 2412 non
1449 2339 1568 2412 hebent

521 2457 696 2552 Spiritum
719 2464 883 2536 sanct-um,
909 2477 972 2524 nee
996 2452 1172 2547 baptizare
1191 2454 1398 2549 spirituliter
1415 2466 1566 2551 possunt.

522 2570 714 2667 Propterea
730 2594 900 2641 canemus
917 2567 1094 2640 lroereticos
1111 2568 1293 2662 baptizari.

573 2688 670 2757 Huic
693 2710 801 2778 prope
821 2687 971 2754 totidem
989 2684 1103 2754 verbis
1130 2686 1180 2754 ita
1204 2688 1403 2779 responderi
1433 2698 1565 2780 potest:

524 2805 721 2874 Homicidia
746 2812 809 2872 aut
836 2799 921 2870 nihil
948 2800 1040 2881 licet,
1060 2809 1122 2870 aut
1140 2811 1255 2871 totum
1278 2803 1372 2874 licet.
1427 2804 1466 2874 Si
1491 2828 1567 2897 pos·

522 2931 605 2990 sunt
633 2921 820 3011 baptizare,
846 2927 991 3008 possunt
1018 2925 1055 2984 et
1079 2916 1250 3007 Spiritum
1275 2929 1435 2988 sanctum
1464 2922 1565 2991 dare:

522 3037 550 3104 si
578 3046 698 3104 autem
721 3034 892 3125 Spiritum
914 3040 1074 3100 sanctum
1102 3032 1184 3100 dare
1210 3055 1280 3100 non
1307 3044 1464 3123 possunt,
1487 3038 1566 3126 quis

522 3176 593 3220 non
620 3152 752 3220 babent
776 3147 946 3237 Spiritum
970 3155 1142 3228 sanctum,
1161 3170 1225 3215 nec
1249 3148 1428 3238 baptizare
1454 3153 1566 3241 spirit·

522 3267 624 3337 aliter
658 3273 813 3356 possunt.
866 3261 1057 3352 Propterea
1090 3284 1273 3333 censemus
1307 3264 1351 3333 sb
1382 3265 1566 3336 homicidis

523 3383 727 3472 baptizatos,
747 3377 802 3446 vel
825 3376 1018 3444 homicidas
1041 3376 1237 3466 baptizatos
1260 3386 1369 3468 atque
1387 3381 1423 3448 in
1442 3381 1566 3451 melius

523 3520 592 3564 non
610 3502 776 3574 mutatos
794 3513 875 3560 cum
896 3512 933 3557 se
952 3490 1177 3569 correxerint,
1197 3489 1376 3581 baptizari.
1429 3492 1484 3564 At
1502 3496 1566 3564 hoo

359 3647 367 3678 ι
397 3649 412 3679 0
429 3631 591 3680 amisson
611 3620 665 3678 est
682 3630 815 3676 verum.
868 3604 937 3686 Qui
956 3604 1049 3672 enim
1069 3604 1144 3671 odit
1161 3604 1304 3674 fratrem
1329 3625 1433 3675 suum
1456 3609 1566 3678 bomi-

390 3729 396 3741 '
522 3726 600 3795 cida
626 3733 701 3804 est;
727 3732 764 3790 et
790 3719 879 3788 tales
902 3727 1049 3788 noverat
1074 3719 1169 3786 intus
1191 3717 1396 3811 Cyprianus,
1414 3726 1475 3813 qui
1500 3726 1567 3793 uti·

521 3864 590 3933 que
608 3837 843 3929 baptizabant.
897 3832 1042 3901 Frustra
1063 3855 1145 3924 ergo
1169 3833 1254 3902 talia
1278 3834 1323 3903 de
1348 3836 1566 3928 baptizandis

522 3953 698 4023 haercticis
716 3950 810 4018 diets
827 3957 918 4016 sunt.

373 4079 414 4123 'ar
437 4092 475 4124 2·
574 4067 789 4135 Fortunatus
819 4087 840 4132 a
866 4061 1083 4130 Thuccabori
1120 4064 1236 4133 dixit:
1274 4064 1379 4135 Jesus
1407 4066 1566 4139 Christro

522 4181 695 4252 Dominus
730 4189 760 4248 et
790 4177 886 4247 Deus
920 4185 1045 4257 noster,
1077 4176 1148 4247 Dei
1181 4179 1303 4250 Putris
1338 4191 1369 4251 et
1403 4185 1565 4254 centens

523 4295 650 4375 Filios,
669 4317 770 4387 super·
788 4302 934 4386 ‘petrona
959 4289 1141 4383 (edificat-it
1158 4293 1356 4377 Ecclesium,
1376 4320 1445 4367 non
1465 4322 1565 4391 super

563 4444 575 4473 τ
597 4433 631 4487 ln
646 4429 734 4487 MSS.
748 4450 828 4505 super
842 4430 963 4485 Petrum.
1010 4430 1117 4496 (Habet
1131 4432 1243 4488 Petrum
1265 4434 1311 4490 hic
1332 4443 1361 4491 et
1382 4436 1456 4493 infra
1477 4437 1563 4493 codex
