3900 5167
589 461 653 525 DE
677 460 1062 525 REBAPTISMA'I'E
1087 458 1247 524 LIBER.
1379 461 1444 523 285

424 657 478 707 ms
502 644 557 705 est
585 634 760 706 labbaeus
789 636 824 704 in
855 635 1014 704 editione
1038 632 1293 721 Conciliornm)
1315 634 1446 703 autori-

424 761 469 823 rte
486 754 601 833 nixus,
615 750 780 821 ascribit:
799 751 856 819 oui
874 751 1073 830 sententiae,
1088 759 1128 819 ut
1147 748 1321 818 calculum
1339 771 1447 841 appo·

424 889 532 949 amus,
555 867 614 936 vix
639 888 661 936 a
687 866 788 936 nobis
814 866 994 957 impetrari
1021 874 1149 957 potest.
1202 863 1446 955 Praeterquam

424 980 504 1061 uim,
533 979 628 1071 quod
659 979 893 1050 incalescente
923 980 1039 1050 adhuc
1070 981 1309 1051 controversia
1339 982 1447 1071 scrip·

424 1117 489 1177 sse,
507 1104 546 1164 et
568 1096 612 1166 ud
636 1094 882 1187 Episcopalem
909 1096 1067 1165 ordinem
1094 1104 1270 1187 spectasse
1286 1095 1448 1166 videatur

424 1220 499 1281 utor
522 1219 665 1293 noster3
692 1210 843 1281 Ursinus
865 1211 973 1299 (teste
991 1210 1193 1303 Gennadio)
1218 1210 1300 1281 huic
1326 1212 1446 1304 impri-

424 1327 463 1395 ria
480 1325 661 1418 probando
686 1327 849 1397 incubuit
869 1324 949 1396 illos
972 1348 1043 1396 non
1065 1349 1142 1398 esse
1168 1327 1446 1420 rebaptizandos,

424 1440 456 1509 ni
479 1440 517 1509 in
542 1440 684 1509 nomine
702 1440 758 1509 vel
778 1439 986 1532 simpliciter
1001 1440 1144 1523 Christi,
1164 1441 1218 1511 vel
1241 1442 1278 1510 in
1303 1442 1447 1511 nomine

425 1556 523 1638 atris,
555 1554 646 1637 Filii,
677 1565 715 1625 et
745 1554 899 1649 Spiritus
929 1555 967 1626 S.
999 1556 1159 1648 quamvis
1190 1580 1297 1650 pravo
1331 1579 1446 1638 sensu,

424 1671 567 1764 aptinati
592 1671 748 1742 fuerint:
775 1671 869 1762 qnod
900 1672 936 1740 in
961 1670 1153 1766 Anonymo
1183 1681 1303 1742 nostro
1333 1674 1449 1743 neuti-

424 1809 502 1857 uam
520 1788 651 1857 diserte
669 1789 852 1881 reperitur,
871 1809 979 1879 quern
1001 1786 1087 1858 licet
1108 1788 1180 1883 tale
1197 1788 1281 1880 quid
1300 1788 1448 1858 sensisse

424 1901 662 1971 incedendum
680 1904 737 1984 sit,
754 1901 850 1973 alind
872 1918 993 1972 tamen
1017 1899 1078 1972 ille
1102 1912 1353 1996 argumentum
1371 1900 1448 1971 eln-

424 2015 586 2086 jdandum
603 2016 769 2108 suscepit.
821 2016 927 2100 Quod
944 2038 1028 2086 vero
1049 2038 1124 2085 rem
1142 2017 1238 2085 omni
1261 2016 1445 2088 dubitandi

424 2131 532 2201 rtione
557 2132 694 2211 eximit,
721 2130 903 2226 Anonymi
929 2139 1049 2202 nostra
1074 2141 1179 2202 aetate
1205 2132 1344 2203 crebras
1368 2156 1446 2225 per·

424 2246 594 2317 tentiones
618 2248 654 2317 in
681 2245 864 2317 ecclesiam
888 2256 1062 2340 grassatae
1084 2270 1171 2330 esse,
1188 2248 1382 2319 innumeris
1407 2248 1448 2318 li-

424 2361 489 2444 elli,
508 2361 554 2432 de
578 2385 649 2454 quo
673 2363 799 2456 agitur,
818 2361 904 2433 locis
925 2363 1064 2433 ostendi
1090 2362 1221 2455 possit:
1248 2385 1330 2433 cum
1349 2364 1449 2435 Ursi·

424 2500 462 2549 us
484 2476 546 2547 ille
568 2501 590 2547 a
608 2463 795 2549 Gennadio
816 2480 909 2549 inter
930 2479 994 2548 aevi
1018 2480 1135 2569 quarti
1152 2479 1229 2569 jam
1247 2478 1448 2549 inclinantis

424 2594 584 2685 triptores
612 2592 796 2665 referatur.
848 2593 1015 2686 Denique
1040 2596 1163 2686 stylus,
1188 2603 1335 2686 totaque
1364 2596 1447 2665 seri-

424 2708 503 2779 endi
526 2709 616 2778 ratio
631 2707 850 2791 Tertulliani,
868 2709 924 2779 vel
943 2709 1109 2803 Cypriani
1129 2716 1282 2793 etatem,
1301 2713 1385 2802 quin
1410 2720 1447 2780 et

424 2833 542 2897 entem
572 2827 657 2895 satis
685 2835 808 2917 aperte
837 2828 965 2919 prodit.
1019 2824 1131 2895 Extat
1162 2826 1256 2896 inter
1282 2826 1446 2920 Cypriani

424 2964 514 3034 pera,
534 2940 644 3011 Paris.
664 2942 772 3013 1648.
793 2939 899 3014 1666.
919 2939 1035 3011 Oxon.
1057 2939 1164 3011 1682.

585 3195 684 3267 Innn
709 3197 850 3269 Oavrus
866 3221 945 3290 pag.
964 3202 1048 3269 430.
1068 3200 1178 3291 ejusd.
1197 3200 1265 3269 vol.

447 3336 684 3421 URSINUS,
701 3348 810 3431 gente
826 3336 925 3421 Afer,
944 3340 1026 3409 vitae
1051 3339 1217 3410 instituto
1244 3340 1447 3410 monachus.

424 3452 535 3523 iuuit
558 3452 651 3522 circa
673 3475 806 3522 annum
824 3456 909 3522 440.
962 3452 1120 3546 Scripsit,
1139 3462 1231 3525 teste
1250 3452 1448 3533 Gennadio,

424 3565 708 3662 lcScriptoribns
725 3591 755 3638 o.
775 3573 834 3644 27.
852 3566 1014 3639 aduersas
1037 3569 1171 3663 eosqui
1188 3566 1449 3663 rebaptizandos

423 3682 576 3755 aereticos
606 3682 801 3765 decernunt,
829 3682 950 3754 docens
978 3681 1238 3777 rebaptizandos
1269 3707 1338 3755 non
1369 3706 1447 3762 csse,

424 3798 460 3868 ui
485 3799 523 3868 in
548 3799 686 3869 nominc
708 3795 761 3869 uel
781 3796 986 3892 simpliciter
1004 3795 1151 3883 Christi,
1174 3797 1227 3870 ool
1250 3800 1288 3869 in
1313 3800 1450 3869 nomine

424 3912 532 3997 'ciria
550 3912 652 3997 Filii,
670 3922 701 3984 et
717 3913 875 4009 Spiritus
892 3913 1025 3998 Sancti,
1044 3916 1199 4010 quumvis
1212 3937 1322 4009 pravo
1339 3938 1449 3998 sunu,

424 4027 674 4124 niuptizcntnr:
711 4030 757 4099 iis
787 4038 898 4100 nutem
928 4040 1008 4124 post
1041 4029 1228 4125 simplicem
1262 4029 1450 4102 Trinitatis

424 4144 644 4242 infessionem
668 4149 818 4240 sufficere
841 4147 889 4217 ad
912 4146 1053 4218 sulutem
1080 4171 1243 4218 munuum
1260 4147 1450 4242 Episcopu-

424 4264 486 4335 Jum
518 4264 780 4357 impositionem.
833 4263 942 4334 Hunc
971 4264 1091 4335 Ursini
1122 4260 1270 4334 libellum
1297 4265 1450 4335 eundem

423 4403 483 4449 um
519 4380 682 4470 anonymi
719 4387 871 4450 tractatu
910 4405 931 4449 a
968 4379 1123 4473 Rigaltio
1158 4382 1251 4450 inter
1285 4380 1449 4472 Cypriani
