3900 5167
540 460 601 527 160
768 463 1021 527 ARCHllLAI
1047 463 1112 526 ΕΤ
1137 463 1358 527 MANETIS

537 635 744 705 defecerunt
763 636 824 706 aiu
846 636 1001 705 adventu
1020 636 1213 727 proesentiae
1229 636 1315 726 ejus.
1368 633 1408 706 Si
1428 655 1510 729 ergo
1526 658 1583 706 uu-

537 751 671 821 feratur
697 750 868 833 velumen,
892 751 989 841 quod
1015 752 1050 819 in
1077 750 1139 822 illo
1164 749 1316 821 lectione
1342 753 1497 843 positum
1521 762 1581 832 est,

536 860 766 958 bintelligent
785 867 953 935 virtutem
972 865 1255 946 circumcisionis,
1272 866 1457 935 invenient
1473 876 1511 936 et
1525 888 1583 959 ge·

537 979 753 1048 neratiouem
782 980 870 1069 ejus,
898 1001 1004 1069 quem
1035 979 1280 1070 predicemus,
1309 988 1349 1049 et
1374 1001 1528 1061 crucem,
1548 988 1583 1047 et

535 1116 754 1185 quaecunque
780 1094 825 1163 de
852 1092 1008 1163 Domino
1025 1103 1145 1165 nostro
1168 1102 1270 1187 gesto
1285 1102 1380 1177 suut,
1405 1094 1483 1185 ipss
1503 1115 1582 1174 esse,

535 1231 612 1299 quoe
636 1209 681 1278 de
704 1233 747 1279 eo
772 1209 913 1279 fuerent
936 1209 1117 1301 praedicts
1169 1209 1218 1279 Et
1243 1207 1350 1280 velim
1372 1210 1518 1301 quidem
1542 1209 1583 1278 de

536 1324 728 1416 Scripturis
760 1326 936 1395 discutere
969 1347 1248 1417 unumquenque
1282 1332 1515 1407 ”sermonem
1548 1335 1583 1393 et

536 1439 733 1520 ostendere,
768 1447 808 1507 ut
844 1439 994 1532 intelligi
1031 1441 1176 1533 dignum
1212 1448 1288 1523 est3
1324 1441 1385 1510 sed
1419 1440 1581 1531 quonium

536 1576 630 1622 nunc
656 1552 752 1622 uliud
777 1563 843 1633 est,
861 1554 956 1645 quod
984 1565 1097 1646 urget,
1123 1550 1197 1623 dde
1223 1553 1361 1624 vocanti
1388 1554 1492 1624 nobis
1521 1554 1584 1624 isto

536 1669 720 1751 dicentum
747 1667 826 1738 haec
852 1670 946 1738 enim
974 1669 1105 1740 dixisse
1130 1691 1225 1738 nunc
1252 1667 1392 1752 sufficit,
1410 1680 1452 1740 ut
1469 1678 1583 1740 osten-

536 1785 659 1854 damus
689 1807 759 1852 non
787 1785 863 1853 sine
891 1807 997 1854 causa
1024 1784 1184 1854 velamen
1210 1785 1366 1877 positum
1394 1807 1502 1877 super
1526 1808 1586 1854 cor

535 1901 756 1990 quorundam
779 1901 814 1968 in
840 1899 992 1970 lectione
1011 1901 1139 1970 veteris
1160 1900 1377 1970 testamenti.
1429 1899 1585 1983 Quicun-

535 2038 605 2106 que
623 2038 706 2084 vero
722 2017 768 2085 ad
785 2015 981 2085 Dominum
999 2024 1266 2097 convertuntur,
1281 2014 1382 2085 abiis
1399 2015 1581 2086 evolumen

535 2130 702 2200 aufertur.
753 2130 845 2213 Quae
872 2115 991 2200 omnia
1020 2153 1127 2222 quam
1153 2132 1224 2200 vim
1252 2129 1406 2200 habeant
1434 2130 1472 2199 in
1499 2152 1582 2211 sese,

538 2245 592 2313 lris
610 2247 669 2337 qui
688 2268 791 2315 sensu
810 2246 942 2339 vigent,
959 2245 1231 2339 intelligendum
1250 2243 1419 2335 relinquo.
1452 2244 1583 2316 Venio·

536 2381 615 2428 mus
649 2361 758 2429 etiam
791 2360 836 2429 ad
871 2359 971 2429 illum
1002 2383 1201 2431 sermonem
1237 2359 1369 2452 Moysi,
1392 2354 1480 2451 ‘quo
1512 2362 1581 2431 ait:

537 2472 762 2567 'Prophetum
784 2472 877 2545 vobis
901 2472 1079 2545 suscitabit
1094 2473 1269 2546 Dominus
1285 2471 1385 2544 Deus
1408 2483 1517 2545 uester
1540 2499 1585 2545 cs·

524 2587 703 2684 frutribus
737 2590 868 2672 ventrio,
896 2591 986 2661 siout
1015 2614 1093 2669 me:
1123 2591 1158 2659 in
1188 2613 1260 2682 quo
1287 2612 1452 2683 magnam
1481 2591 1581 2661 video

536 2705 754 2796 prophetiam
779 2706 901 2774 famuli
927 2706 1057 2797 Moysi,
1074 2717 1092 2764 ⁸
1102 2706 1246 2775 scientis
1261 2726 1355 2786 eum,
1373 2706 1432 2795 qui
1459 2715 1583 2775 ventu·

535 2844 592 2889 rus
610 2829 712 2900 esset,
730 2821 881 2911 amplius
898 2844 935 2891 se
953 2822 1097 2912 quidem
1120 2820 1341 2890 auctoritatis
1364 2820 1579 2902 habiturum,

534 2935 661 3004 similia
678 2945 797 3005 tamen
816 2959 891 3005 esse
909 2960 1102 3027 passurum,
1120 2945 1158 3004 et
1175 2934 1304 3004 similia
1320 2934 1429 3025 signa,
1444 2958 1487 3005 ao
1505 2960 1581 3028 pro-

535 3051 629 3142 digis
647 3060 880 3119 ostensurum.
932 3052 1004 3119 ’Ibi
1024 3051 1118 3120 enim
1137 3049 1281 3140 Moyses
1299 3058 1413 3130 natus,
1430 3073 1453 3119 o
1470 3059 1581 3120 matre

575 3321 591 3351 ἃ
605 3311 685 3367 Idem
699 3311 800 3374 codex,
813 3311 840 3366 in
855 3312 1003 3367 aduentum.

575 3403 590 3446 b
605 3407 685 3463 Idem
700 3409 800 3474 codex,
816 3408 976 3482 intelliqeno.
1011 3408 1047 3463 Et
1062 3407 1143 3474 infru,
1159 3407 1218 3482 ipso
1233 3426 1289 3481 quae
1302 3409 1335 3462 de
1349 3426 1388 3463 eo.

574 3513 587 3543 ⁰
609 3504 642 3559 ln
656 3505 752 3561 codice
768 3505 902 3560 llobiensi
916 3504 1032 3560 mutilus
1043 3513 1087 3561 est
1101 3505 1147 3560 hie
1160 3503 1256 3569 locus;
1279 3505 1365 3561 habet
1379 3506 1465 3568 enim,
1481 3524 1576 3562 senno·

533 3617 600 3663 uon,
613 3609 642 3655 ut
657 3601 781 3675 intelliqi,
796 3602 904 3675 diqnum
919 3610 968 3656 est.
1009 3601 1122 3656 Dicisne
1136 3619 1204 3656 nuuc
1217 3602 1324 3675 sufficit.

574 3693 589 3737 (Ι
611 3697 645 3752 ln
668 3697 815 3752 Cusinensi
838 3706 890 3760 est,
909 3700 941 3752 de
962 3698 1138 3762 vocantibus,·
1160 3697 1209 3753 sed
1229 3698 1392 3772 legendum,
1415 3699 1448 3754 de
1464 3699 1575 3754 vacanti.

534 3790 582 3847 Sic
597 3811 681 3866 supra
695 3812 756 3867 cup.
770 3812 819 3864 4¹·

574 3899 586 3928 ⁸
601 3890 700 3946 Codex
715 3890 787 3945 Bob.
801 3890 986 3945 velamentum.
1140 3888 1152 3931 s
1165 3890 1265 3946 Codex
1280 3891 1352 3947 Bob.
1369 3892 1440 3966 quod
1451 3894 1499 3947 ait.

573 3996 589 4039 8
605 3988 637 4041 ln
653 3986 800 4043 Cosinensi
815 3987 911 4042 codice
926 3986 1066 4053 scribitur,
1077 3987 1231 4049 scicrrtibus,
1243 3988 1272 4043 in
1288 3987 1432 4051 Bobieusi,
1446 3990 1557 4044 scientes
1566 4011 1573 4048 ;

533 4083 583 4138 sed
597 4081 737 4145 Valesius,
752 4083 869 4146 scientio,
891 4083 1100 4139 emendandum
1122 4084 1241 4150 censuit,
1258 4084 1338 4157 cujus
1360 4084 1507 4141 sententie
1528 4082 1571 4138 ud-

532 4181 657 4255 stipulati
672 4201 777 4236 sumus.
815 4181 892 4236 Infra
908 4181 1065 4244 Bobiensis,
1081 4189 1107 4235 ct
1121 4182 1245 4255 amplius.

777 4381 782 4402 ¹
795 4376 878 4431 Deut.
891 4377 967 4432 xviii.
985 4378 1028 4433 18.
1170 4378 1281 4435 'Exod
1297 4379 1323 4435 ii.
