3900 5167
518 442 540 507 6
889 445 1193 510 ARCHELAUS.

518 634 585 697 prae
601 610 746 676 manibus
763 613 916 677 Latinum
939 614 1147 698 interpretem
1162 613 1321 689 habuisse,
1337 634 1399 676 non
1415 614 1510 677 modo
1525 631 1562 677 ex

518 714 665 779 universa
690 716 758 800 ejus
784 715 953 794 loeutione,
980 737 1050 800 quae
1075 716 1208 791 Graeeae,
1234 736 1296 778 non
1326 735 1400 778 vero
1427 715 1563 799 Syriaeve

517 816 634 902 linguae
649 816 796 893 indolem,
812 817 1002 902 geniumque
1016 816 1150 893 redolet,
1171 816 1250 881 sotis
1264 837 1420 901 superque
1436 816 1563 880 demon·

518 925 652 997 stratur,
676 918 902 983 verumetiam
923 917 1066 1002 pluribus
1089 917 1159 981 eliis
1178 917 1374 1002 argumentis
1394 916 1563 981 fortissime

518 1020 681 1085 eviuoitur.
726 1020 850 1105 Quippe
871 1020 904 1082 in
926 1020 1021 1104 hujus
1042 1018 1266 1104 disputationis
1286 1042 1354 1104 oap.
1370 1019 1433 1083 viii.
1453 1019 1501 1084 ito
1520 1019 1563 1083 lo·

518 1122 635 1208 quitur,
654 1122 730 1185 Gom
749 1122 846 1207 ipitor
860 1121 935 1185 lana
949 1120 1125 1205 essequod
1139 1120 1226 1205 perit,
1242 1121 1427 1198 animarum,
1447 1121 1564 1187 secali

517 1225 684 1289 tradiderit
695 1225 806 1309 patris,
814 1232 994 1309 perissem
1011 1221 1075 1287 iles
1092 1224 1126 1287 irs
1141 1222 1278 1286 solemne
1290 1222 1406 1307 phriere,
1421 1222 1502 1307 qood
1517 1244 1564 1286 eo-

517 1335 606 1390 eotor
620 1326 670 1389 eir
682 1326 845 1411 perseam.
888 1325 952 1389 Hie
970 1334 1070 1389 autem
1084 1326 1135 1388 eir
1152 1334 1194 1389 est
1208 1324 1346 1389 solum
1363 1323 1447 1389 loeis.
1485 1324 1563 1405 Qum

517 1428 614 1492 verba
638 1428 685 1493 ita
704 1427 853 1513 leguntur
875 1427 907 1491 iu
928 1428 1043 1491 Graeoa
1064 1427 1149 1511 apud
1175 1426 1388 1511 Epiphanium
1409 1425 1561 1490 versione.

517 1534 579 1608 Τῆς
593 1531 647 1594 οὖν
661 1529 792 1609 σελήνης
805 1530 1016 1609 μεταδιδούσης
1026 1528 1079 1592 τὸν
1094 1530 1189 1609 γόμον
1200 1533 1259 1592 volu
1272 1533 1392 1611 ψυχῶν,
1404 1534 1464 1594 τοῖς
1476 1530 1564 1591 sirim

517 1638 570 1696 τοῦ
594 1633 704 1713 πατρὸς
726 1630 949 1712 παραμένουσιν
967 1632 1001 1694 ἐν
1019 1631 1059 1715 τῷ
1079 1633 1178 1715 oedip
1196 1633 1246 1707 τῆς
1266 1628 1361 1708 δόξης,
1378 1629 1413 1696 δι’
1430 1634 1564 1693 καλεῖται

517 1732 574 1813 ἀὴρ
589 1734 605 1795 ὁ
621 1732 745 1799 τέλειος·
766 1733 782 1794 ὁ
798 1733 831 1794 δὲ
850 1730 906 1810 ἀὴρ
921 1730 1007 1797 οὗτος
1021 1732 1130 1797 στύλος
1148 1732 1214 1793 ἐστὶ
1229 1733 1335 1812 φωτός.
1382 1730 1433 1794 Ex
1449 1731 1564 1815 quibus

517 1842 619 1919 patet,
637 1833 790 1899 Latinum
806 1832 1013 1917 interpretem
1028 1833 1212 1897 Graeoarum
1229 1855 1341 1898 vonum
1356 1833 1563 1899 similitudine

517 1937 696 2022 deeeptum,
715 1957 774 2020 pro
796 1935 863 2015 ἀὴρ,
878 1944 915 1999 ut
937 1933 1137 2020 Epiphanius
1159 1935 1269 2014 hebet,
1290 1936 1364 2017 ἀνὴρ
1387 1936 1511 2021 legisse,
1529 1943 1564 2001 et

516 2060 589 2103 oum
611 2044 734 2103 vertere
755 2036 927 2117 debuisset,
942 2039 1126 2101 Permanent
1147 2037 1211 2102 illes
1232 2038 1268 2102 ivs
1287 2037 1425 2102 mlomna
1442 2038 1561 2124 pientes,

516 2161 584 2225 quse
598 2150 722 2205 vocetur
735 2150 792 2204 atr
799 2142 974 2225 perfeetum·
998 2145 1167 2204 uirentem
1183 2139 1237 2203 iste
1255 2149 1296 2204 eet
1311 2138 1448 2204 solmone
1462 2139 1560 2214 ἰιιοὶες

517 2241 622 2326 ipsum
648 2242 731 2306 mole
754 2241 1001 2327 interpretatum
1023 2240 1129 2319 luisse,
1160 2241 1248 2321 Qvod
1269 2250 1393 2306 vocator
1418 2242 1468 2305 eir
1486 2263 1562 2326 per·

507 2345 632 2428 seem,-
666 2343 716 2407 lis
743 2353 843 2407 uatem
871 2344 921 2406 eir
945 2352 988 2407 set
1014 2342 1153 2407 solmone
1178 2343 1275 2415 lueie‚·
1311 2342 1345 2406 in
1367 2364 1460 2428 quem
1486 2366 1563 2408 sane

516 2466 654 2510 errorem
675 2466 739 2509 non
759 2444 932 2520 ineidisset,
951 2444 979 2508 si
998 2445 1040 2509 ed
1061 2444 1183 2530 Syriaoi
1198 2450 1307 2509 textus
1321 2442 1428 2522 fidem,
1444 2443 1477 2507 iu
1498 2466 1563 2528 quo

516 2570 666 2634 magnum
688 2548 772 2612 inter
794 2554 963 2632 utramque
986 2568 1094 2611 voeem
1115 2546 1283 2611 disorimen
1306 2551 1367 2621 est,
1386 2545 1562 2610 versionem

516 2672 607 2715 suam
621 2649 824 2715 elaborasset.
869 2649 952 2713 Sunt
967 2656 1002 2714 et
1021 2649 1092 2713 oliae
1107 2649 1249 2734 ejusdem
1263 2647 1446 2733 interpretis
1461 2648 1562 2713 hallu-

516 2752 702 2828 oinatioues,
728 2773 769 2814 ex
798 2749 912 2834 quibus
939 2749 972 2813 id
1003 2750 1106 2835 ipsum
1135 2749 1367 2813 evidentissime
1393 2748 1559 2832 oolligitur.

516 2852 678 2938 Siquidem
704 2873 773 2936 esp.
794 2850 844 2914 vii.
873 2852 913 2916 de
938 2851 1055 2915 viventi
1081 2850 1195 2933 spiritu
1221 2871 1242 2913 a
1267 2848 1399 2913 Manete
1425 2850 1561 2915 ooufioto

515 2953 658 3038 loquens,
673 2951 739 3028 ait3
763 2952 884 3016 Burrus
897 2953 963 3037 ipm
981 2952 1083 3016 eirene
1101 2951 1228 3036 spiritus
1247 2950 1359 3014 ereooit
1378 2950 1560 3030 heminaria,

514 3062 584 3139 qao
596 3063 666 3118 eunt
679 3053 817 3139 reliquie
830 3054 954 3129 anime,
968 3062 996 3116 et
1005 3052 1086 3135 feeit
1100 3074 1135 3116 eo
1145 3053 1375 3134 Jirnsomentnm
1389 3053 1560 3133 eireumire,

515 3166 545 3221 st
564 3158 673 3220 itenem
693 3156 807 3219 mavit
828 3165 951 3231 mam,
975 3164 1003 3219 et
1023 3164 1092 3219 erent
1116 3163 1185 3218 osto.
1231 3153 1316 3217 Hine
1338 3163 1446 3218 autem
1468 3163 1561 3240 patet

515 3258 618 3345 ipsum
630 3258 746 3323 Graeoo
760 3256 932 3342 exemplari
941 3278 1033 3321 usum
1044 3256 1151 3334 luisse,
1160 3256 1192 3319 in
1204 3277 1267 3340 quo
1278 3256 1432 3341 seriptum
1442 3258 1558 3336 fuerat,

516 3361 576 3424 stol
591 3362 622 3423 δὲ
637 3362 723 3434 ὀκτὼ,
739 3359 788 3425 vel
804 3360 862 3424 stol
877 3360 913 3439 δὴ
927 3359 1013 3432 ὀκτὼ,
1029 3380 1102 3422 oum
1115 3370 1225 3422 tamen
1239 3358 1326 3443 apud
1344 3358 1560 3443 Epiphanium

464 3466 469 3474 '
514 3460 650 3546 legatur,
674 3464 715 3528 ele
738 3464 799 3540 εἴδη
822 3461 907 3538 ὀκτὼ,
928 3458 1071 3545 octupliei
1088 3460 1205 3544 speeie;
1234 3481 1305 3544 quae
1326 3481 1402 3524 sane
1423 3463 1560 3546 aequivo

515 3563 600 3627 oatio
621 3585 685 3627 uon
707 3586 746 3627 ex
769 3562 910 3647 Syriaca,
926 3563 982 3626 sed
1005 3584 1045 3627 ex
1069 3562 1186 3626 Graece
1207 3570 1335 3626 tantum
1353 3562 1461 3648 lingua
1484 3566 1559 3630 oriri

514 3670 652 3749 poterat.
690 3663 742 3729 Sio
762 3686 831 3749 esp.
847 3663 909 3728 viii.
924 3686 998 3748 pag.
1015 3684 1065 3745 14,
1080 3663 1186 3739 vertit,
1202 3664 1334 3746 epfmsdet
1340 3667 1470 3748 famem,
1486 3689 1559 3732 oum

514 3774 638 3831 vertere
653 3764 824 3841 debuisset,
837 3774 957 3851 pesteris,
972 3785 993 3827 a
1008 3765 1192 3828 Graeeorum
1208 3786 1319 3829 voeum
1339 3766 1436 3845 λιμὸς,
1444 3769 1559 3850 fames,

514 3876 549 3933 et
562 3867 678 3948 λοιμὸς,
685 3868 789 3953 poetis,
806 3866 1010 3931 similitudine
1025 3866 1187 3951 deeeptus,
1204 3873 1241 3931 ut
1256 3866 1288 3929 in
1301 3868 1470 3932 nostrised
1486 3891 1560 3934 eum

514 3969 618 4035 looum
632 3969 717 4033 notis
728 3969 970 4033 observavimus.
1007 3968 1059 4033 Sie
1070 3991 1139 4051 cap.
1152 3969 1194 4032 ix.
1211 3991 1284 4054 pag.
1300 3971 1349 4046 16,
1365 3991 1424 4054 pro
1434 3969 1558 4051 πήσσει,

513 4072 654 4158 oorspelot,
660 4072 783 4156 stipere
796 4069 971 4155 adstrepit,
988 4078 1026 4136 ut
1039 4078 1089 4135 est
1103 4071 1188 4155 apud
1204 4070 1431 4155 Epiphanium,
1445 4070 1559 4156 legisse

514 4174 640 4238 videtur
653 4173 795 4251 πλήσσει,
805 4173 947 4257 pereutit,
962 4184 1000 4239 ut
1012 4175 1045 4238 in
1061 4174 1177 4238 eisdem
1193 4173 1278 4237 notis
1289 4173 1461 4236 doouimus.
1497 4173 1558 4238 Re-

515 4275 597 4341 tinet
612 4275 710 4339 etiam
727 4275 894 4339 nonnullas
913 4298 1006 4340 voees
1021 4277 1150 4341 Graeoas
1168 4275 1200 4338 in
1215 4274 1358 4338 versione
1373 4296 1440 4351 sue,
1456 4281 1490 4338 et
1509 4274 1557 4337 in·

514 4378 641 4441 terdum
661 4376 787 4460 quidem
807 4376 964 4451 absolute,
979 4376 1139 4442 interdum
1160 4398 1233 4440 vero
1252 4375 1365 4441 addita
1385 4376 1557 4440 earundem
