3900 5167
726 456 1034 522 DISPUTATIO.
1339 460 1403 523 188

350 652 458 721 quem
488 652 560 699 vox
590 639 737 722 paterna
763 638 917 701 testatur
944 632 1073 710 dicens,
1109 628 1200 701 ¹Hic
1233 639 1282 701 est
1300 630 1404 725 filius

352 766 446 813 meus
463 739 616 825 dilectus,
634 742 752 814 nullus
768 744 859 815 alius
884 756 1025 837 portare
1045 744 1240 838 praevaluit,
1258 746 1325 814 nisi
1342 747 1403 836 qui

352 882 399 928 ex
419 857 537 929 Maria
553 867 658 929 natus
674 869 739 939 est,
756 882 863 952 super
880 883 1003 931 omnes
1021 869 1161 931 sanctos
1177 859 1203 929 J
1205 882 1294 930 esus.
1330 860 1403 931 Sed

352 975 453 1046 etad
472 974 557 1056 haec,
575 997 652 1066 quoe
669 975 809 1067 objicio,
823 977 1006 1068 responde.
1058 976 1097 1047 Si
1121 974 1245 1045 babitu
1266 998 1348 1046 eum
1366 986 1404 1047 et

351 1090 471 1182 specie
497 1091 584 1161 dicis
609 1113 686 1162 esse
712 1092 905 1175 bominem,
922 1093 1102 1184 quomodo
1124 1091 1170 1162 ab
1187 1091 1252 1173 bis,
1270 1093 1331 1183 qui
1357 1116 1404 1162 ex

352 1207 429 1276 viro
446 1214 484 1276 et
500 1205 650 1279 muliere
667 1208 741 1276 nati
762 1216 855 1288 sunt,
873 1206 1061 1277 Pharisaeis
1079 1206 1192 1277 teneri
1217 1207 1346 1298 potuit,
1365 1216 1404 1278 et

351 1319 397 1389 ad
415 1319 594 1412 judicium
620 1319 789 1410 protrahi,
806 1342 888 1390 cum
915 1319 1099 1412 spirituale
1123 1341 1250 1410 corpus
1274 1342 1403 1391 acras-

351 1434 500 1504 sioribus
525 1434 729 1526 corporibus
753 1458 824 1506 non
852 1436 968 1506 valeat
994 1435 1270 1527 comprehendi?
1297 1434 1404 1518 Quod

351 1549 508 1620 sibabes
524 1550 670 1641 aliquid,
687 1552 782 1642 qnod
804 1553 849 1622 ad
868 1551 1026 1632 verbum,
1043 1560 1152 1642 atque
1176 1551 1223 1621 ad
1247 1551 1405 1643 proposi·

351 1674 432 1736 tum
454 1666 675 1759 respondeas,
693 1668 753 1757 qui
779 1689 959 1758 nunquam
987 1667 1031 1736 nd
1059 1668 1238 1758 proposita
1262 1688 1406 1758 respon-

352 1779 447 1861 disti,
472 1802 582 1873 perge
610 1803 741 1871 quaese,
766 1789 805 1850 et
836 1780 1009 1873 pugillum
1037 1783 1182 1872 plenum
1209 1780 1292 1851 solis
1316 1780 1404 1850 mihi

352 1895 450 1983 affer,
481 1907 545 1968 aut
575 1898 732 1969 modium
755 1897 934 1989 plenum?
964 1896 1047 1990 Ipse
1077 1920 1160 1968 vero
1188 1897 1239 1967 sol
1268 1920 1331 1990 pro
1361 1919 1405 1967 eo

353 2012 448 2104 quod
474 2012 667 2083 subtilioris
683 2021 739 2083 est
755 2013 919 2103 corporis,
938 2014 1119 2105 cooperire
1146 2021 1194 2094 te,
1212 2023 1250 2084 et
1268 2014 1406 2084 circun-

353 2128 438 2199 dare
464 2136 592 2221 potest,
619 2137 659 2197 tu
687 2150 772 2198 vero
800 2150 894 2209 enm,
921 2130 988 2198 etsi
1016 2128 1288 2211 conculcaveris,
1315 2128 1403 2199 nibil

353 2243 460 2315 ledis
512 2242 688 2314 Dominus
713 2265 797 2313 vero
820 2266 922 2314 meus
938 2242 1055 2324 Jesus,
1077 2245 1105 2313 si
1132 2249 1254 2314 tentus
1279 2252 1344 2327 est,
1362 2254 1405 2314 ut

353 2360 462 2429 bomo
487 2359 533 2429 ab
550 2359 754 2429 bominibus
780 2368 902 2430 tentus
928 2369 993 2430 est.
1045 2358 1180 2429 Sinon
1207 2369 1262 2430 est
1286 2359 1404 2442 homo,

354 2498 421 2546 nec
446 2483 568 2545 tentus
590 2485 655 2546 est.
707 2473 747 2545 Si
772 2497 844 2545 non
870 2484 925 2545 est
946 2483 1078 2556 tentus,
1103 2498 1170 2545 neo
1191 2496 1312 2567 passus
1336 2483 1405 2561 est,

356 2613 422 2661 nec
438 2590 638 2682 baptizatus
654 2599 720 2661 est.
762 2590 801 2661 Si
819 2590 880 2660 ille
898 2611 969 2660 non
987 2598 1042 2659 est
1059 2591 1270 2681 baptizatus,
1287 2612 1405 2681 neque

356 2708 549 2799 qnisquam.
565 2715 723 2777 nostrum
750 2706 950 2799 baptizatus
966 2714 1031 2775 est.
1083 2704 1267 2798 Baptisma
1283 2714 1405 2775 autem

356 2823 384 2892 si
409 2844 482 2891 non
498 2830 565 2905 est,
581 2844 648 2892 nec
665 2823 732 2892 erit
749 2822 908 2891 remissio
926 2829 1164 2913 peccatorum,
1181 2820 1244 2891 sed
1270 2821 1308 2890 in
1333 2821 1405 2893 suis

356 2938 511 3029 peccatis
525 2940 768 3030 unusquisque
784 2938 966 3007 morietur.
1020 2935 1158 3007 Manus
1174 2956 1290 3016 nrm,
1309 2936 1406 3029 Ergo

356 3053 532 3145 baptisma
564 3063 709 3145 propter
737 3054 978 3122 remissionem
1014 3060 1240 3144 peccatorum
1276 3050 1405 3121 daturi

355 3168 582 3238 Aacumnus
598 3186 713 3246 nrxm,
733 3165 862 3235 Etiam.
915 3164 1054 3234 Manus
1075 3184 1192 3245 mxru,
1212 3164 1307 3258 Ergo
1323 3187 1407 3257 pec-

356 3283 450 3353 cavit
483 3282 656 3361 Christus,
692 3282 776 3372 quia
812 3281 1012 3372 baptizatus
1054 3281 1133 3351 est?
1176 3279 1408 3352 Ancnmaus

358 3419 474 3481 nrxm,
491 3399 619 3480 Absit3
646 3399 730 3489 quin
748 3399 866 3489 potius
883 3404 969 3490 'pro
986 3395 1083 3467 nobis
1098 3406 1275 3491 peccatum
1283 3394 1408 3491 scotare

357 3523 415 3600 ert,
433 3524 554 3585 nostro
569 3523 716 3607 peccata
733 3514 935 3606 suscipiens,
953 3510 970 3557 ‘¹
985 3522 1128 3605 propter
1144 3515 1237 3604 quod
1259 3535 1306 3582 ex
1329 3535 1407 3581 mu-

359 3630 443 3701 liere
469 3639 573 3700 natus
598 3638 663 3712 est,
685 3640 722 3699 et
748 3630 1010 3722 propterquod
1037 3630 1080 3699 ad
1106 3629 1280 3719 baptisma
1296 3628 1405 3712 venit,

358 3757 398 3816 nt
425 3747 530 3838 hujus
555 3746 665 3838 partis
691 3746 888 3837 perciperet
915 3745 1206 3837 purificationem,
1229 3755 1271 3814 ut
1297 3744 1407 3837 Spiri-

396 3994 410 4039 ἅ
438 3999 472 4055 ln
503 3997 600 4056 codice
626 3997 784 4065 casinensi,
813 4016 869 4073 quo
895 3997 937 4054 usi
965 4017 1071 4061 sumus,
1097 3996 1259 4054 adverbium
1278 4005 1406 4071 propter,

359 4092 541 4163 desideratur,
557 4095 607 4152 sed
628 4096 696 4152 illud
719 4094 824 4151 librarii
839 4095 989 4151 oscitantia
1003 4094 1138 4150 omissum
1152 4093 1238 4149 fuisse
1261 4093 1407 4166 sequentia

360 4191 430 4249 clare
445 4194 656 4251 demonstrant.

558 4352 564 4374 ¹
581 4346 654 4402 Mat.
671 4346 769 4417 iii.17.
975 4351 982 4373 ¹
1002 4364 1016 4399 2
1034 4344 1100 4401 Cor.
1116 4363 1143 4398 v.
1162 4361 1210 4398 21.
